@article{2020SciPy-NMeth,
  title = {{{SciPy} 1.0: Fundamental Algorithms for Scientific Computing in Python}},
  author = {Virtanen, Pauli and Gommers, Ralf and Oliphant, Travis E. and Haberland, Matt and Reddy, Tyler and Cournapeau, David and Burovski, Evgeni and Peterson, Pearu and Weckesser, Warren and Bright, Jonathan and {van der Walt}, St{\'e}fan J. and Brett, Matthew and Wilson, Joshua and Millman, K. Jarrod and Mayorov, Nikolay and Nelson, Andrew R. J. and Jones, Eric and Kern, Robert and Larson, Eric and Carey, C J and Polat, {\.I}lhan and Feng, Yu and Moore, Eric W. and {VanderPlas}, Jake and Laxalde, Denis and Perktold, Josef and Cimrman, Robert and Henriksen, Ian and Quintero, E. A. and Harris, Charles R. and Archibald, Anne M. and Ribeiro, Ant{\^o}nio H. and Pedregosa, Fabian and {van Mulbregt}, Paul and {SciPy 1.0 Contributors}},
  year = 2020,
  journal = {Nature Methods},
  volume = 17,
  pages = {261--272},
  doi = {10.1038/s41592-019-0686-2},
  adsurl = {https://rdcu.be/b08Wh},
}
@article{abaza2020what,
  title = {What is and why do we have to know the phylogenetic tree?},
  author = {Abaza,  Sherif},
  year = 2020,
  month = aug,
  journal = {Parasitologists United Journal},
  publisher = {Egypts Presidential Specialized Council for Education and Scientific Research},
  volume = 13,
  number = 2,
  pages = {68–71},
  doi = {10.21608/puj.2020.35843.1082},
  issn = {2090-2646},
  url = {http://dx.doi.org/10.21608/puj.2020.35843.1082},
}
@article{abdulla2004simulation,
  title = {Simulation data as data streams},
  author = {Abdulla, Ghaleb and Critchlow, Terence and Arrighi, William},
  year = 2004,
  month = mar,
  journal = {ACM SIGMOD Record},
  publisher = {Association for Computing Machinery (ACM)},
  volume = 33,
  number = 1,
  pages = {89--94},
  doi = {10.1145/974121.974137},
  issn = {0163-5808},
  url = {http://dx.doi.org/10.1145/974121.974137},
}
@article{ackley1991interactions,
  title = {Interactions between learning and evolution},
  author = {Ackley, David and Littman, Michael},
  year = 1991,
  journal = {Artificial life II},
  publisher = {Citeseer},
  volume = 10,
  pages = {487--509},
}
@inproceedings{ackley2011homeostatic,
  title = {Homeostatic architectures for robust spatial computing},
  author = {Ackley, David H and Williams, Lance R},
  year = 2011,
  booktitle = {2011 Fifth IEEE Conference on Self-Adaptive and Self-Organizing Systems Workshops},
  pages = {91--96},
  doi = {https://doi.org/10.1109/sasow.2011.18},
  organization = {Ieee},
}
@inproceedings{ackley2011pursue,
  title = {Pursue Robust Indefinite Scalability},
  author = {Ackley, David H. and Cannon, Daniel C.},
  year = 2011,
  booktitle = {Proceedings of the 13th USENIX Conference on Hot Topics in Operating Systems},
  location = {Napa, California},
  publisher = {USENIX Association},
  address = {Usa},
  series = {HotOS'13},
  pages = 8,
  url = {https://www.usenix.org/conference/hotosxiii/pursue-robust-indefinite-scalability},
  urldate = {2023-12-04},
  note = {Accessed: 2023-12-04},
  numpages = 1,
  acmid = 1991607,
  editor = {Welsh, Matt},
}
@inproceedings{ackley2014indefinitely,
  title = {Indefinitely Scalable Computing = Artificial Life Engineering},
  author = {Ackley,  David and Small,  Trent},
  year = 2014,
  month = jul,
  booktitle = {Artificial Life 14: Proceedings of the Fourteenth International Conference on the Synthesis and Simulation of Living Systems},
  publisher = {The MIT Press},
  series = {Alife},
  pages = {606–613},
  doi = {10.1162/978-0-262-32621-6-ch098},
  url = {http://dx.doi.org/10.1162/978-0-262-32621-6-ch098},
  collection = {Alife},
  organization = {MIT Press},
}
@article{ackley2016indefinite,
  title = {Indefinite Scalability for Living Computation},
  author = {Ackley,  David},
  year = 2016,
  month = mar,
  journal = {Proceedings of the AAAI Conference on Artificial Intelligence},
  booktitle = {Proceedings of the Thirtieth Association for the Advancement of Artificial Intelligence Conference on Artificial Intelligence},
  location = {Phoenix, AZ},
  publisher = {Association for the Advancement of Artificial Intelligence (AAAI)},
  address = {Palo Alto, CA},
  volume = 30,
  number = 1,
  pages = {4142--4146},
  doi = {10.1609/aaai.v30i1.9802},
  issn = {2159-5399},
  url = {http://dx.doi.org/10.1609/aaai.v30i1.9802},
  numpages = 5,
  acmid = 3016502,
  editor = {Schuurmans, Dale and Wellman, Michael},
}
@inproceedings{ackley2018digital,
  title = {Digital protocells with dynamic size, position, and topology},
  author = {Ackley, David H.},
  year = 2018,
  month = {07},
  booktitle = {ALIFE 2018: The 2018 Conference on Artificial Life},
  pages = {83--90},
  doi = {10.1162/isal\_a\_00021},
  url = {https://doi.org/10.1162/isal\_a\_00021},
  eprint = {https://direct.mit.edu/isal/proceedings-pdf/alife2018/30/83/1904846/isal\_a\_00021.pdf},
  organization = {MIT Press},
}
@inproceedings{ackley2019building,
  title = {Building a survivable protocell for a corrosive digital environment},
  author = {Ackley, David H},
  year = 2019,
  booktitle = {ALIFE 2019: The 2019 Conference on Artificial Life},
  pages = {111--118},
  doi = {https://doi.org/10.1162/isal\_a\_00149},
  organization = {MIT Press},
}
@inproceedings{ackley2023robust,
  title = {A Robust Programmable Replicator for an Indefinitely Scalable Machine},
  author = {Ackley,  David H.},
  year = 2023,
  booktitle = {The 2023 Conference on Artificial Life},
  publisher = {MIT Press},
  series = {Alife 2023},
  doi = {10.1162/isal_a_00701},
  url = {http://dx.doi.org/10.1162/isal_a_00701},
  collection = {Alife 2023},
}
@article{adami2006digital,
  title = {Digital genetics: unravelling the genetic basis of evolution},
  author = {Adami, Christoph},
  year = 2006,
  journal = {Nature Reviews Genetics},
  publisher = {Nature Publishing Group UK London},
  volume = 7,
  number = 2,
  pages = {109--118},
}
@article{agarwal2009faster,
  title = {Faster FAST: multicore acceleration of streaming financial data},
  author = {Agarwal, Virat and Bader, David A. and Dan, Lin and Liu, Lurng-Kuo and Pasetto, Davide and Perrone, Michael and Petrini, Fabrizio},
  year = 2009,
  month = may,
  journal = {Computer Science - Research and Development},
  publisher = {Springer Science and Business Media LLC},
  volume = 23,
  number = {3-4},
  pages = {249--257},
  doi = {10.1007/s00450-009-0093-5},
  issn = {1865-2042},
  url = {http://dx.doi.org/10.1007/s00450-009-0093-5},
}
@inproceedings{aggarwal2003framework,
  title = {A Framework for Clustering Evolving Data Streams},
  author = {Aggarwal, Charu C. and Yu, Philip S. and Han, Jiawei and Wang, Jianyong},
  year = 2003,
  booktitle = {Proceedings 2003 VLDB Conference},
  publisher = {Elsevier},
  pages = {81--92},
  doi = {10.1016/b978-012722442-8/50016-1},
  url = {http://dx.doi.org/10.1016/b978-012722442-8/50016-1},
}
@inbook{aggarwal2009data,
  title = {Data Streams: An Overview and Scientific Applications},
  author = {Aggarwal, Charu C.},
  year = 2009,
  booktitle = {Scientific Data Mining and Knowledge Discovery},
  publisher = {Springer Berlin Heidelberg},
  pages = {377--397},
  doi = {10.1007/978-3-642-02788-8\_14},
  isbn = 9783642027888,
  url = {http://dx.doi.org/10.1007/978-3-642-02788-8\_14},
}
@article{akidau2015dataflow,
  title = {The dataflow model: a practical approach to balancing correctness, latency, and cost in massive-scale, unbounded, out-of-order data processing},
  author = {Akidau, Tyler and Bradshaw, Robert and Chambers, Craig and Chernyak, Slava and Fernández-Moctezuma, Rafael J. and Lax, Reuven and McVeety, Sam and Mills, Daniel and Perry, Frances and Schmidt, Eric and Whittle, Sam},
  year = 2015,
  month = aug,
  journal = {Proceedings of the VLDB Endowment},
  publisher = {Association for Computing Machinery (ACM)},
  volume = 8,
  number = 12,
  pages = {1792--1803},
  doi = {10.14778/2824032.2824076},
  issn = {2150-8097},
  url = {http://dx.doi.org/10.14778/2824032.2824076},
}
@article{aktipis2013evolutionary,
  title = {Evolutionary foundations for cancer biology},
  author = {Aktipis,  C. Athena and Nesse,  Randolph M.},
  year = 2013,
  month = jan,
  journal = {Evolutionary Applications},
  publisher = {Wiley},
  volume = 6,
  number = 1,
  pages = {144–159},
  doi = {10.1111/eva.12034},
  issn = {1752-4571},
  url = {http://dx.doi.org/10.1111/eva.12034},
}
@article{alizon2012modelling,
  title = {Modelling the Course of an HIV Infection: Insights from Ecology and Evolution},
  author = {Alizon,  Samuel and Magnus,  Carsten},
  year = 2012,
  month = oct,
  journal = {Viruses},
  publisher = {Mdpi Ag},
  volume = 4,
  number = 10,
  pages = {1984–2013},
  doi = {10.3390/v4101984},
  issn = {1999-4915},
  url = {http://dx.doi.org/10.3390/v4101984},
}
@inbook{altenberg1995genome,
  title = {Genome growth and the evolution of the genotype-phenotype map},
  author = {Altenberg,  Lee},
  year = 1995,
  booktitle = {Evolution and Biocomputation},
  publisher = {Springer Berlin Heidelberg},
  pages = {205–259},
  doi = {10.1007/3-540-59046-3_11},
  isbn = 9783540491767,
  issn = {1611-3349},
  url = {http://dx.doi.org/10.1007/3-540-59046-3_11},
}
@book{amstrup2010handbook,
  title = {Handbook of capture-recapture analysis},
  author = {Amstrup, Steven C and McDonald, Trent L and Manly, Bryan FJ},
  year = 2010,
  publisher = {Princeton University Press},
}
@article{aslan2020comprehensive,
  title = {A comprehensive review on malware detection approaches},
  author = {Aslan, {\"O}mer Aslan and Samet, Refik},
  year = 2020,
  journal = {IEEE access},
  publisher = {Ieee},
  volume = 8,
  pages = {6249--6271},
  doi = {10.1109/access.2019.2963724},
  issn = {2169-3536},
  url = {http://dx.doi.org/10.1109/access.2019.2963724},
}
@inproceedings{aupy2013combination,
  title = {On the Combination of Silent Error Detection and Checkpointing},
  author = {Aupy,  Guillaume and Benoit,  Anne and Herault,  Thomas and Robert,  Yves and Vivien,  Frederic and Zaidouni,  Dounia},
  year = 2013,
  month = dec,
  booktitle = {2013 IEEE 19th Pacific Rim International Symposium on Dependable Computing},
  publisher = {Ieee},
  doi = {10.1109/prdc.2013.10},
  url = {http://dx.doi.org/10.1109/PRDC.2013.10},
}
@inbook{banzhaf1994genotype,
  title = {Genotype-phenotype-mapping and neutral variation — A case study in Genetic Programming},
  author = {Banzhaf,  Wolfgang},
  year = 1994,
  booktitle = {Parallel Problem Solving from Nature — PPSN III},
  publisher = {Springer Berlin Heidelberg},
  pages = {322–332},
  doi = {10.1007/3-540-58484-6_276},
  isbn = 9783540490012,
  issn = {1611-3349},
  url = {http://dx.doi.org/10.1007/3-540-58484-6_276},
}
@article{banzhaf2006artificial,
  title = {From artificial evolution to computational evolution: a research agenda},
  author = {Banzhaf, Wolfgang and Beslon, Guillaume and Christensen, Steffen and Foster, James A and K{\'e}p{\`e}s, Fran{\c{c}}ois and Lefort, Virginie and Miller, Julian F and Radman, Miroslav and Ramsden, Jeremy J},
  year = 2006,
  journal = {Nature Reviews Genetics},
  publisher = {Nature Publishing Group UK London},
  volume = 7,
  number = 9,
  pages = {729--735},
}
@article{banzhaf2006from,
  title = {From artificial evolution to computational evolution: a research agenda},
  author = {Banzhaf,  Wolfgang and Beslon,  Guillaume and Christensen,  Steffen and Foster,  James A. and Képès,  Fran\c{c}ois and Lefort,  Virginie and Miller,  Julian F. and Radman,  Miroslav and Ramsden,  Jeremy J.},
  year = 2006,
  month = aug,
  journal = {Nature Reviews Genetics},
  publisher = {Springer Science and Business Media LLC},
  volume = 7,
  number = 9,
  pages = {729–735},
  doi = {10.1038/nrg1921},
  issn = {1471-0064},
  url = {http://dx.doi.org/10.1038/nrg1921},
}
@article{banzhaf2016defining,
  title = {Defining and simulating open-ended novelty: requirements, guidelines, and challenges},
  author = {Banzhaf, Wolfgang and Baumgaertner, Bert and Beslon, Guillaume and Doursat, René and Foster, James A. and McMullin, Barry and de Melo, Vinicius Veloso and Miconi, Thomas and Spector, Lee and Stepney, Susan and White, Roger},
  year = 2016,
  month = may,
  journal = {Theory in Biosciences},
  publisher = {Springer Science and Business Media LLC},
  volume = 135,
  number = 3,
  pages = {131--161},
  doi = {10.1007/s12064-016-0229-7},
  issn = {1611-7530},
  url = {http://dx.doi.org/10.1007/s12064-016-0229-7},
}
@article{bedford2012canalization,
  title = {Canalization of the evolutionary trajectory of the human influenza virus},
  author = {Bedford,  Trevor and Rambaut,  Andrew and Pascual,  Mercedes},
  year = 2012,
  month = apr,
  journal = {BMC Biology},
  publisher = {Springer Science and Business Media LLC},
  volume = 10,
  number = 1,
  doi = {10.1186/1741-7007-10-38},
  issn = {1741-7007},
  url = {http://dx.doi.org/10.1186/1741-7007-10-38},
}
@article{beer2024alife,
  title = {(A)Life as It Could Be},
  author = {Beer,  Randall D.},
  year = 2024,
  journal = {Artificial Life},
  publisher = {MIT Press},
  volume = 30,
  number = 4,
  pages = {539–545},
  doi = {10.1162/artl_a_00455},
  issn = {1530-9185},
  url = {http://dx.doi.org/10.1162/artl_a_00455},
}
@article{belew1996computation,
  title = {Computation and the natural sciences},
  author = {Belew, Richard K and Mitchell, Melanie and Ackley, David H},
  year = 1996,
  journal = {Adaptive Individuals in Evolving Populations: Models and Algorithms},
  publisher = {Addison-Wesley Publishing Reading, MA},
  volume = 26,
  pages = {431--440},
}
@inproceedings{bennett1999building,
  title = {Building a Parallel Computer System for \$18,000 that Performs a Half Peta-Flop per Day},
  author = {Forrest H {Bennett III} and John R. Koza and James Shipman and Oscar Stiffelman},
  year = 1999,
  month = 7,
  booktitle = {Proceedings of the Genetic and Evolutionary Computation Conference},
  publisher = {Morgan Kaufmann},
  address = {Orlando, Florida, USA},
  volume = 2,
  pages = {1484--1490},
  isbn = {1-55860-611-4},
  url = {http://gpbib.cs.ucl.ac.uk/gecco1999/RW-788.pdf},
  urldate = {2023-12-04},
  note = {Accessed: 2023-12-04},
  editor = {Wolfgang Banzhaf and Jason Daida and Agoston E. Eiben and Max H. Garzon and Vasant Honavar and Mark Jakiela and Robert E. Smith},
}
@inbook{bentley2022evolving,
  title = {Evolving Through the Looking Glass: Learning Improved Search Spaces with Variational Autoencoders},
  author = {Bentley,  Peter J. and Lim,  Soo Ling and Gaier,  Adam and Tran,  Linh},
  year = 2022,
  booktitle = {Parallel Problem Solving from Nature – PPSN XVII},
  publisher = {Springer International Publishing},
  pages = {371–384},
  doi = {10.1007/978-3-031-14714-2_26},
  isbn = 9783031147142,
  issn = {1611-3349},
  url = {http://dx.doi.org/10.1007/978-3-031-14714-2_26},
}
@article{benton2011assessing,
  title = {Assessing the quality of the fossil record: insights from vertebrates},
  author = {Benton, Michael J and Dunhill, Alexander M and Lloyd, Graeme T and Marx, Felix G},
  year = 2011,
  journal = {Geological Society, London, Special Publications},
  publisher = {The Geological Society of London London},
  volume = 358,
  number = 1,
  pages = {63--94},
}
@article{berestyckiRecentProgressCoalescent2009,
  title = {Recent progress in coalescent theory},
  author = {Berestycki, Nathanaël},
  year = 2009,
  journal = {Ensaios Matemáticos},
  publisher = {Sociedade Brasileira de Matematica},
  volume = 16,
  number = 1,
  doi = {10.21711/217504322009/em161},
  issn = {2175-0432},
  url = {http://dx.doi.org/10.21711/217504322009/em161},
}
@inproceedings{boerner2023pearc,
  title = {ACCESS: Advancing Innovation: NSF’s Advanced Cyberinfrastructure Coordination Ecosystem: Services \& Support},
  author = {Boerner,  Timothy J. and Deems,  Stephen and Furlani,  Thomas R. and Knuth,  Shelley L. and Towns,  John},
  year = 2023,
  month = jul,
  booktitle = {Practice and Experience in Advanced Research Computing},
  publisher = {Acm},
  series = {Pearc ’23},
  pages = {173–176},
  doi = {10.1145/3569951.3597559},
  url = {http://dx.doi.org/10.1145/3569951.3597559},
  collection = {Pearc ’23},
}
@inproceedings{bohm2017mabe,
  title = {MABE (Modular Agent Based Evolver): A framework for digital evolution research},
  author = {Bohm, Clifford and G., Nitash C. and Hintze, Arend},
  year = 2017,
  month = {09},
  booktitle = {ECAL 2017, the Fourteenth European Conference on Artificial Life},
  pages = {76--83},
  doi = {10.1162/isal\_a\_016},
  url = {https://doi.org/10.1162/isal\_a\_016},
  eprint = {https://direct.mit.edu/isal/proceedings-pdf/ecal2017/29/76/1904506/isal\_a\_016.pdf},
}
@article{BonettiFranceschi2024,
  title = {Phylogenetic signatures reveal multilevel selection and fitness costs in SARS-CoV-2},
  author = {Bonetti Franceschi,  Vinicius and Volz,  Erik},
  year = 2024,
  month = jul,
  journal = {Wellcome Open Research},
  publisher = {F1000 Research Ltd},
  volume = 9,
  pages = 85,
  doi = {10.12688/wellcomeopenres.20704.2},
  issn = {2398-502x},
  url = {http://dx.doi.org/10.12688/wellcomeopenres.20704.2},
}
@incollection{bradley2024openelm,
  title = {The openelm library: Leveraging progress in language models for novel evolutionary algorithms},
  author = {Bradley, Herbie and Fan, Honglu and Galanos, Theodoros and Zhou, Ryan and Scott, Daniel and Lehman, Joel},
  year = 2024,
  booktitle = {Genetic Programming Theory and Practice XX},
  publisher = {Springer},
  pages = {177--201},
}
@inproceedings{breugnot2022data,
  title = {Data Synchronization in Distributed Simulation of Multi-Agent Systems},
  author = {Breugnot,  Paul and Herrmann,  Bénédicte and Lang,  Christophe and Philippe,  Laurent},
  year = 2022,
  booktitle = {Advances in Practical Applications of Agents,  Multi-Agent Systems,  and Complex Systems Simulation. The PAAMS Collection},
  publisher = {Springer International Publishing},
  pages = {50–62},
  doi = {10.1007/978-3-031-18192-4_5},
  isbn = 9783031181924,
  issn = {1611-3349},
  url = {http://dx.doi.org/10.1007/978-3-031-18192-4\_5},
}
@phdthesis{breugnot2023distribution,
  title = {{Distribution et synchronisation des simulations de Syst{\`e}mes Multi-Agents}},
  author = {Breugnot, Paul},
  year = 2023,
  month = Mar,
  number = {2023ubfcd010},
  url = {https://theses.hal.science/tel-04351440},
  school = {{Universit{\'e} Bourgogne Franche-Comt{\'e}}},
  type = {Theses},
  pdf = {https://theses.hal.science/tel-04351440/file/these_A_BREUGNOT_Paul_2023.pdf},
  hal_id = {tel-04351440},
  hal_version = {v1},
}
@inbook{buitrago2021neocortex,
  title = {Neocortex and Bridges-2: A High Performance AI+HPC Ecosystem for Science,  Discovery,  and Societal Good},
  author = {Buitrago,  Paola A. and Nystrom,  Nicholas A.},
  year = 2021,
  booktitle = {High Performance Computing},
  publisher = {Springer International Publishing},
  pages = {205–219},
  doi = {10.1007/978-3-030-68035-0_15},
  isbn = 9783030680350,
  issn = {1865-0937},
  url = {http://dx.doi.org/10.1007/978-3-030-68035-0_15},
}
@inproceedings{burke2003increased,
  title = {Is increased diversity in genetic programming beneficial? An analysis of lineage selection},
  author = {Burke, E.K. and Gustafson, S. and Kendall, G. and Krasnogor, N.},
  year = 2003,
  booktitle = {The 2003 Congress on Evolutionary Computation, 2003. CEC '03.},
  volume = 2,
  pages = {1398--1405 Vol.2},
  doi = {10.1109/cec.2003.1299834},
  organization = {Ieee},
}
@article{burnham1979robust,
  title = {Robust estimation of population size when capture probabilities vary among animals},
  author = {Burnham, Kenneth P and Overton, W Scott},
  year = 1979,
  journal = {Ecology},
  publisher = {Wiley Online Library},
  volume = 60,
  number = 5,
  pages = {927--936},
}
@inproceedings{cai2004maids,
  title = {MAIDS: mining alarming incidents from data streams},
  author = {Cai, Y. Dora and Clutter, David and Pape, Greg and Han, Jiawei and Welge, Michael and Auvil, Loretta},
  year = 2004,
  month = jun,
  booktitle = {Proceedings of the 2004 ACM SIGMOD international conference on Management of data},
  publisher = {Acm},
  series = {Sigmod/pods04},
  pages = {919--920},
  doi = {10.1145/1007568.1007695},
  url = {http://dx.doi.org/10.1145/1007568.1007695},
  collection = {Sigmod/pods04},
}
@incollection{cantu2001master,
  title = {Master-Slave Parallel Genetic Algorithms},
  author = {Cantú-Paz, Erick},
  year = 2001,
  booktitle = {Genetic Algorithms and Evolutionary Computation},
  publisher = {Springer US},
  pages = {33--48},
  doi = {10.1007/978-1-4615-4369-5\_3},
  isbn = 9781461543695,
  issn = {1568-2587},
  url = {http://dx.doi.org/10.1007/978-1-4615-4369-5\_3},
}
@article{cappello2014toward,
  title = {Toward exascale resilience: 2014 update},
  author = {Cappello, Franck and Al, Geist and Gropp, William and Kale, Sanjay and Kramer, Bill and Snir, Marc},
  year = 2014,
  journal = {Supercomputing Frontiers and Innovations: an International Journal},
  publisher = {South Ural State University Chelyabinsk, Russia, Russia},
  volume = 1,
  number = 1,
  pages = {5--28},
  doi = {10.14529/jsfi140101},
  issn = {2313-8734},
  url = {http://dx.doi.org/10.14529/jsfi140101},
}
@article{carroll2014applying,
  title = {Applying evolutionary biology to address global challenges},
  author = {Carroll, Scott P and J{\o}rgensen, Peter S{\o}gaard and Kinnison, Michael T and Bergstrom, Carl T and Denison, R Ford and Gluckman, Peter and Smith, Thomas B and Strauss, Sharon Y and Tabashnik, Bruce E},
  year = 2014,
  journal = {science},
  publisher = {American Association for the Advancement of Science},
  volume = 346,
  number = 6207,
  pages = 1245993,
}
@article{catford2022addressing,
  title = {Addressing context dependence in ecology},
  author = {Catford,  Jane A. and Wilson,  John R.U. and Pyšek,  Petr and Hulme,  Philip E. and Duncan,  Richard P.},
  year = 2022,
  month = feb,
  journal = {Trends in Ecology \& Evolution},
  publisher = {Elsevier BV},
  volume = 37,
  number = 2,
  pages = {158–170},
  doi = {10.1016/j.tree.2021.09.007},
  issn = {0169-5347},
  url = {http://dx.doi.org/10.1016/j.tree.2021.09.007},
}
@techreport{cerebras2021wafer,
  title = {Wafer-Scale Engine: The Largest Chip Ever Built},
  author = {Cerebras Systems Inc.},
  year = 2021,
  url = {https://f.hubspotusercontent30.net/hubfs/8968533/WSE-2%20Datasheet.pdf},
  urldate = {2023-07-08},
  note = {Accessed: 2023-07-08},
  institution = {Cerebras Systems Inc.},
}
}
@article{channon2019maximum,
  title = {Maximum Individual Complexity is Indefinitely Scalable in Geb},
  author = {Channon, Alastair},
  year = 2019,
  month = may,
  journal = {Artificial Life},
  publisher = {MIT Press - Journals},
  volume = 25,
  number = 2,
  pages = {134--144},
  doi = {10.1162/artl_a_00285},
  issn = {1530-9185},
  url = {http://dx.doi.org/10.1162/artl_a_00285},
}
@software{charles_ofria_2020_4141943,
  title = {devosoft/Empirical},
  author = {Charles Ofria and Matthew Andres Moreno and Emily Dolson and Alex Lalejini and rodsan0 and Jake Fenton and perryk12 and Steven Jorgensen and hoffmanriley and grenewode and Oliver Baldwin Edwards and Jason Stredwick and cgnitash and theycallmeHeem and Anya Vostinar and Ryan Moreno and Jory Schossau and Luis Zaman and djrain},
  year = 2020,
  month = oct,
  publisher = {Zenodo},
  doi = {10.5281/zenodo.4141943},
  url = {https://doi.org/10.5281/zenodo.4141943},
  version = {v0.0.4},
}
@inproceedings{che2008accelerating,
  title = {Accelerating Compute-Intensive Applications with GPUs and FPGAs},
  author = {Che,  Shuai and Li,  Jie and Sheaffer,  Jeremy W. and Skadron,  Kevin and Lach,  John},
  year = 2008,
  month = jun,
  booktitle = {2008 Symposium on Application Specific Processors},
  publisher = {Ieee},
  doi = {10.1109/sasp.2008.4570793},
  url = {http://dx.doi.org/10.1109/SASP.2008.4570793},
}
@incollection{clarke1994mpi,
  title = {The MPI Message Passing Interface Standard},
  author = {Clarke,  Lyndon and Glendinning,  Ian and Hempel,  Rolf},
  year = 1994,
  booktitle = {Programming Environments for Massively Parallel Distributed Systems},
  publisher = {Birkh\"{a}user Basel},
  pages = {213–218},
  doi = {10.1007/978-3-0348-8534-8_21},
  isbn = 9783034885348,
  url = {http://dx.doi.org/10.1007/978-3-0348-8534-8\_21},
}
@article{cleland2013general,
  title = {Is a general theory of life possible? Seeking the nature of life in the context of a single example},
  author = {Cleland, Carol E},
  year = 2013,
  journal = {Biological Theory},
  publisher = {Springer},
  volume = 7,
  pages = {368--379},
}
@article{cobb2013directed,
  title = {Directed evolution: past, present, and future},
  author = {Cobb, Ryan E and Chao, Ran and Zhao, Huimin},
  year = 2013,
  journal = {AIChE Journal},
  publisher = {Wiley Online Library},
  volume = 59,
  number = 5,
  pages = {1432--1440},
}
@article{cohen1987computer,
  title = {Computer viruses: Theory and experiments},
  author = {Fred Cohen},
  year = 1987,
  journal = {Computers \& Security},
  volume = 6,
  number = 1,
  pages = {22--35},
  doi = {https://doi.org/10.1016/0167-4048(87)90122-2},
  issn = {0167-4048},
  url = {https://www.sciencedirect.com/science/article/pii/0167404887901222},
}
@article{cole2018broadly,
  title = {A broadly conserved NERD genetically interacts with the exocyst to affect root growth and cell expansion},
  author = {Cole, Rex A and Peremyslov, Valera V and Van Why, Savannah and Moussaoui, Ibrahim and Ketter, Ann and Cool, Renee and Moreno, Matthew Andres and Vejlupkova, Zuzana and Dolja, Valerian V and Fowler, John E},
  year = 2018,
  month = {05},
  journal = {Journal of Experimental Botany},
  volume = 69,
  number = 15,
  pages = {3625--3637},
  doi = {10.1093/jxb/ery162},
  issn = {0022-0957},
  url = {https://doi.org/10.1093/jxb/ery162},
  eprint = {https://academic.oup.com/jxb/article-pdf/69/15/3625/25097718/ery162.pdf},
}
@article{colijn2014phylogenetic,
  title = {Phylogenetic tree shapes resolve disease transmission patterns},
  author = {Colijn, Caroline and Gardy, Jennifer},
  year = 2014,
  journal = {Evolution, medicine, and public health},
  publisher = {Oxford University Press},
  volume = 2014,
  number = 1,
  pages = {96--108},
}
@inproceedings{collier2015large,
  title = {Large-Scale Agent-Based Modeling with Repast HPC: A Case Study in Parallelizing an Agent-Based Model},
  author = {Collier,  Nicholson and Ozik,  Jonathan and Macal,  Charles M.},
  year = 2015,
  booktitle = {Lecture Notes in Computer Science},
  publisher = {Springer International Publishing},
  pages = {454–465},
  doi = {10.1007/978-3-319-27308-2_37},
  isbn = 9783319273082,
  issn = {1611-3349},
  url = {http://dx.doi.org/10.1007/978-3-319-27308-2\_37},
}
@article{cordeiro2016online,
  title = {Online social networks event detection: a survey},
  author = {Cordeiro, M{\'a}rio and Gama, Jo{\~a}o},
  year = 2016,
  journal = {Solving Large Scale Learning Tasks. Challenges and Algorithms: Essays Dedicated to Katharina Morik on the Occasion of Her 60th Birthday},
  publisher = {Springer},
  pages = {1--41},
  doi = {10.1007/978-3-319-41706-6_1},
}
@article{cormode2019lp,
  title = {Lp Samplers and Their Applications: A Survey},
  author = {Cormode,  Graham and Jowhari,  Hossein},
  year = 2019,
  month = feb,
  journal = {ACM Computing Surveys},
  publisher = {Association for Computing Machinery (ACM)},
  volume = 52,
  number = 1,
  pages = {1–31},
  doi = {10.1145/3297715},
  issn = {1557-7341},
  url = {http://dx.doi.org/10.1145/3297715},
}
@article{critchlow1996triples,
  title = {The triples distance for rooted bifurcating phylogenetic trees},
  author = {Critchlow, Douglas E and Pearl, Dennis K and Qian, Chunlin},
  year = 1996,
  journal = {Systematic Biology},
  publisher = {Society of Systematic Biologists},
  volume = 45,
  number = 3,
  pages = {323--334},
}
@incollection{crochemore2009trie,
  title = {Trie},
  author = {Crochemore, Maxime and Lecroq, Thierry},
  year = 2009,
  booktitle = {Encyclopedia of Database Systems},
  publisher = {Springer Verlag},
  pages = {3179--3182},
  url = {https://hal.science/hal-00470103},
  editor = {Ling Liu and M. Tamer {\"O}zsu},
  pdf = {https://hal.science/hal-00470103v1/file/trie.pdf},
  hal_id = {hal-00470103},
  hal_version = {v1},
}
@book{crochiere1983multirate,
  title = {Multirate digital signal processing},
  author = {Crochiere, Ronald E and Rabiner, Lawrence R},
  year = 1983,
  publisher = {Prentice-hall Englewood Cliffs, NJ},
  volume = 18,
  isbn = {978-0136051626},
}
@article{Czech2020,
  title = {Genesis and Gappa: processing,  analyzing and visualizing phylogenetic (placement) data},
  author = {Czech,  Lucas and Barbera,  Pierre and Stamatakis,  Alexandros},
  year = 2020,
  month = feb,
  journal = {Bioinformatics},
  publisher = {Oxford University Press (OUP)},
  volume = 36,
  number = 10,
  pages = {3263–3265},
  doi = {10.1093/bioinformatics/btaa070},
  issn = {1367-4811},
  url = {http://dx.doi.org/10.1093/bioinformatics/btaa070},
  editor = {Schwartz,  Russell},
}
@manual{datatable,
  title = {data.table: Extension of `data.frame`},
  author = {Tyson Barrett and Matt Dowle and Arun Srinivasan and Jan Gorecki and Michael Chirico and Toby Hocking and Benjamin Schwendinger and Ivan Krylov},
  year = 2025,
  url = {https://r-datatable.com},
  note = {R package version 1.17.99, https://Rdatatable.gitlab.io/data.table, https://github.com/Rdatatable/data.table},
}
@inproceedings{daudey2024aevol,
  title = {Aevol\_4b: Bridging the gap between artificial life and bioinformatics},
  author = {Daudey,  Hugo and Parsons,  David P. and Tannier,  Eric and Daubin,  Vincent and Boussau,  Bastien and Liard,  Vincent and Gallé,  Romain and Rouzaud-Cornabas,  Jonathan and Beslon,  Guillaume},
  year = 2024,
  booktitle = {The 2024 Conference on Artificial Life},
  publisher = {MIT Press},
  series = {Alife 2024},
  doi = {10.1162/isal_a_00716},
  url = {http://dx.doi.org/10.1162/isal_a_00716},
  collection = {Alife 2024},
}
@article{davies1987hypothesis,
  title = {Hypothesis testing when a nuisance parameter is present only under the alternative},
  author = {Davies, Robert B},
  year = 1987,
  journal = {Biometrika},
  publisher = {Oxford University Press},
  volume = 74,
  number = 1,
  pages = {33--43},
}
@article{davis1992populations,
  title = {Populations, Genetic Variation, and the Delimitation of Phylogenetic Species},
  author = {Davis, Jerrold I. and Nixon, Kevin C.},
  year = 1992,
  month = dec,
  journal = {Systematic Biology},
  publisher = {Jstor},
  volume = 41,
  number = 4,
  pages = 421,
  doi = {10.2307/2992584},
  issn = {1063-5157},
  url = {http://dx.doi.org/10.2307/2992584},
}
@article{day2020evolutionary,
  title = {On the evolutionary epidemiology of SARS-CoV-2},
  author = {Day,  Troy and Gandon,  Sylvain and Lion,  Sébastien and Otto,  Sarah P.},
  year = 2020,
  month = aug,
  journal = {Current Biology},
  publisher = {Elsevier BV},
  volume = 30,
  number = 15,
  pages = {R849–r857},
  doi = {10.1016/j.cub.2020.06.031},
  issn = {0960-9822},
  url = {http://dx.doi.org/10.1016/j.cub.2020.06.031},
}
@article{de2014phylogenetic,
  title = {Phylogenetic reconstruction methods: an overview},
  author = {De Bruyn, Alexandre and Martin, Darren P and Lefeuvre, Pierre},
  year = 2014,
  journal = {Molecular Plant Taxonomy: Methods and Protocols},
  publisher = {Springer},
  pages = {257--277},
}
@inproceedings{de2016complexity,
  title = {The Complexity of Snake},
  author = {De Biasi,  Marzio and Ophelders,  Tim},
  year = 2016,
  publisher = {Schloss Dagstuhl – Leibniz-Zentrum f\"{u}r Informatik},
  doi = {10.4230/lipics.fun.2016.11},
  url = {https://drops.dagstuhl.de/entities/document/10.4230/LIPIcs.FUN.2016.11},
  copyright = {Creative Commons Attribution 3.0 Unported license},
  language = {en},
}
@article{deb2019cost,
  title = {Cost effective routing techniques in 2D mesh NoC using on-chip transmission lines},
  author = {Deb,  Dipika and Jose,  John and Das,  Shirshendu and Kapoor,  Hemangee K.},
  year = 2019,
  month = jan,
  journal = {Journal of Parallel and Distributed Computing},
  publisher = {Elsevier BV},
  volume = 123,
  pages = {118–129},
  doi = {10.1016/j.jpdc.2018.09.009},
  issn = {0743-7315},
  url = {http://dx.doi.org/10.1016/j.jpdc.2018.09.009},
}
@article{del2019bio,
  title = {Bio-inspired computation: Where we stand and what's next},
  author = {Del Ser, Javier and Osaba, Eneko and Molina, Daniel and Yang, Xin-She and Salcedo-Sanz, Sancho and Camacho, David and Das, Swagatam and Suganthan, Ponnuthurai N and Coello, Carlos A Coello and Herrera, Francisco},
  year = 2019,
  journal = {Swarm and Evolutionary Computation},
  publisher = {Elsevier},
  volume = 48,
  pages = {220--250},
}
@inproceedings{delabriandais1959file,
  title = {File searching using variable length keys},
  author = {De La Briandais,  Rene},
  year = 1959,
  booktitle = {Papers presented at the the March 3-5,  1959,  western joint computer conference on XX - IRE-AIEE-ACM ’59 (Western)},
  publisher = {ACM Press},
  series = {IRE-AIEE-ACM ’59 (Western)},
  pages = {295–298},
  doi = {10.1145/1457838.1457895},
  url = {http://dx.doi.org/10.1145/1457838.1457895},
  collection = {IRE-AIEE-ACM ’59 (Western)},
}
@article{delmasAsymptoticResultsLength2008,
  title = {Asymptotic results on the length of coalescent trees},
  author = {Delmas, Jean-François and Dhersin, Jean-Stéphane and Siri-Jegousse, Arno},
  year = 2008,
  volume = 18,
  number = 3,
  pages = {997--1025},
  doi = {10.1214/07-aap476},
  issn = {1050-5164, 2168-8737},
  url = {https://projecteuclid.org/journals/annals-of-applied-probability/volume-18/issue-3/Asymptotic-results-on-the-length-of-coalescent-trees/10.1214/07-AAP476.full},
  urldate = {2023-07-10},
  note = {Publisher: Institute of Mathematical Statistics},
  journaltitle = {The Annals of Applied Probability},
  date = {2008-06},
}
@article{delsuc2005phylogenomics,
  title = {Phylogenomics and the reconstruction of the tree of life},
  author = {Delsuc, Fr{\'e}d{\'e}ric and Brinkmann, Henner and Philippe, Herv{\'e}},
  year = 2005,
  journal = {Nature Reviews Genetics},
  publisher = {Nature Publishing Group UK London},
  volume = 6,
  number = 5,
  pages = {361--375},
}
@article{deshpande2024evolution,
  title = {The evolution of computational research in a data-centric world},
  author = {Deshpande,  Dhrithi and Chhugani,  Karishma and Ramesh,  Tejasvene and Pellegrini,  Matteo and Shifman,  Sagiv and Abedalthagafi,  Malak S. and Alqahtani,  Saleh and Ye,  Jimmie and Liu,  Xiaole Shirley and Leek,  Jeffrey T. and Brazma,  Alvis and Ophoff,  Roel A. and Rao,  Gauri and Butte,  Atul J. and Moore,  Jason H. and Katritch,  Vsevolod and Mangul,  Serghei},
  year = 2024,
  month = aug,
  journal = {Cell},
  publisher = {Elsevier BV},
  volume = 187,
  number = 17,
  pages = {4449–4457},
  doi = {10.1016/j.cell.2024.07.045},
  issn = {0092-8674},
  url = {http://dx.doi.org/10.1016/j.cell.2024.07.045},
}
@inproceedings{dolson2017spatial,
  title = {Spatial resource heterogeneity creates local hotspots of evolutionary potential},
  author = {Dolson, Emily and Ofria, Charles},
  year = 2017,
  month = {09},
  booktitle = {ECAL 2017, the Fourteenth European Conference on Artificial Life},
  pages = {122--129},
  doi = {10.1162/isal_a_023},
  url = {https://doi.org/10.1162/isal\_a\_023},
  eprint = {https://direct.mit.edu/isal/proceedings-pdf/ecal2017/29/122/1904614/isal\_a\_023.pdf},
}
@inbook{dolson2018applying,
  title = {Applying Ecological Principles to Genetic Programming},
  author = {Dolson,  Emily and Banzhaf,  Wolfgang and Ofria,  Charles},
  year = 2018,
  booktitle = {Genetic Programming Theory and Practice XV},
  publisher = {Springer International Publishing},
  pages = {73–88},
  doi = {10.1007/978-3-319-90512-9_5},
  isbn = 9783319905129,
  issn = {1932-0167},
  url = {http://dx.doi.org/10.1007/978-3-319-90512-9_5},
}
@inproceedings{dolson2018ecological,
  title = {Ecological theory provides insights about evolutionary computation},
  author = {Dolson,  Emily and Ofria,  Charles},
  year = 2018,
  month = jul,
  booktitle = {Proceedings of the Genetic and Evolutionary Computation Conference Companion},
  publisher = {Acm},
  series = {Gecco ’18},
  pages = {105–106},
  doi = {10.1145/3205651.3205780},
  url = {http://dx.doi.org/10.1145/3205651.3205780},
  collection = {Gecco ’18},
}
@phdthesis{dolson2019constructive,
  title = {On the Constructive Power of Ecology in Open-Ended Evolving Systems},
  author = {Dolson, Emily L},
  year = 2019,
  school = {Michigan State University},
}
@article{dolson2019modes,
  title = {The MODES Toolbox: Measurements of Open-Ended Dynamics in Evolving Systems},
  author = {Dolson, Emily L. and Vostinar, Anya E. and Wiser, Michael J. and Ofria, Charles},
  year = 2019,
  month = apr,
  journal = {Artificial Life},
  publisher = {MIT Press - Journals},
  volume = 25,
  number = 1,
  pages = {50--73},
  doi = {10.1162/artl_a_00280},
  issn = {1530-9185},
  url = {http://dx.doi.org/10.1162/artl_a_00280},
}
@article{dolson2020interpreting,
  title = {Interpreting the Tape of Life: Ancestry-Based Analyses Provide Insights and Intuition about Evolutionary Dynamics},
  author = {Dolson, Emily and Lalejini, Alexander and Jorgensen, Steven and Ofria, Charles},
  year = 2020,
  month = apr,
  journal = {Artificial Life},
  publisher = {MIT Press - Journals},
  volume = 26,
  number = 1,
  pages = {58--79},
  doi = {10.1162/artl_a_00313},
  issn = {1530-9185},
  url = {http://dx.doi.org/10.1162/artl_a_00313},
}
@article{dolson2021digital,
  title = {Digital Evolution for Ecology Research: A Review},
  author = {Dolson,  Emily and Ofria,  Charles},
  year = 2021,
  month = nov,
  journal = {Frontiers in Ecology and Evolution},
  publisher = {Frontiers Media SA},
  volume = 9,
  doi = {10.3389/fevo.2021.750779},
  issn = {2296-701x},
  url = {http://dx.doi.org/10.3389/fevo.2021.750779},
}
@article{dolson2023algorithms,
  title = {Algorithms and Data Structures for Phylogenetic Tracking and Analysis},
  author = {Dolson, Emily and Rodriguez-Papa, Santiago and Moreno, Matthew Andres},
  year = {in preparation},
  journal = {in preparation},
}
@article{dolson2023phylotrack,
  title = {Phylotrack: C++ and Python libraries for in silico phylogenetic tracking},
  author = {Dolson, Emily and Rodriguez-Papa, Santiago and Moreno, Matthew Andres},
  year = {in review},
  journal = {Journal of Open Source Software},
  publisher = {The Open Journal},
  url = {https://github.com/openjournals/joss-reviews/issues/5754},
}
@misc{dolson2024phylotrack,
  title = {Phylotrack: C++ and Python libraries for in silico phylogenetic tracking},
  author = {Dolson,  Emily and Rodriguez-Papa,  Santiago and Moreno,  Matthew Andres},
  year = 2024,
  month = mar,
  publisher = {arXiv},
  doi = {10.48550/arxiv.2405.09389},
  url = {https://arxiv.org/abs/2405.09389},
  copyright = {arXiv.org perpetual,  non-exclusive license},
  eprint = {2405.09389},
  archiveprefix = {arXiv},
  primaryclass = {q-bio.PE},
}
@incollection{dolson2024reachability,
  title = {Reachability Analysis for Lexicase Selection via Community Assembly Graphs},
  author = {Dolson, Emily and Lalejini, Alexander},
  year = 2024,
  booktitle = {Genetic Programming Theory and Practice XX},
  publisher = {Springer},
  pages = {283--301},
}
@article{domingos2012few,
  title = {A few useful things to know about machine learning},
  author = {Domingos, Pedro},
  year = 2012,
  journal = {Communications of the ACM},
  publisher = {ACM New York, NY, USA},
  volume = 55,
  number = 10,
  pages = {78--87},
}
@book{downing2015intelligence,
  title = {Intelligence Emerging: Adaptivity and Search in Evolving Neural Systems},
  author = {Downing, K.L.},
  year = 2015,
  publisher = {MIT Press},
  series = {EBL-Schweitzer},
  isbn = 9780262029131,
  lccn = 2014045996,
}
@article{drmotaAsymptoticResultsConcerning2007,
  title = {Asymptotic results concerning the total branch length of the Bolthausen-Sznitman coalescent},
  author = {Drmota, Michael and Iksanov, Alex and Moehle, Martin and Roesler, Uwe},
  year = 2007,
  volume = 117,
  number = 10,
  pages = {1404--1421},
  doi = {10.1016/j.spa.2007.01.011},
  issn = {0304-4149},
  url = {https://www.sciencedirect.com/science/article/pii/S030441490700018X},
  urldate = {2023-07-14},
  journaltitle = {Stochastic Processes and their Applications},
  shortjournal = {Stochastic Processes and their Applications},
  date = {2007-10-01},
  langid = {english},
}
@inproceedings{dupuis2019spread,
  title = {The Spread of Disinformation on the Web: An Examination of Memes on Social Networking},
  author = {Dupuis, Marc J. and Williams, Andrew},
  year = 2019,
  month = aug,
  booktitle = {2019 IEEE SmartWorld, Ubiquitous Intelligence \& Computing, Advanced \& Trusted Computing, Scalable Computing \& Communications, Cloud \& Big Data Computing, Internet of People and Smart City Innovation (SmartWorld/SCALCOM/UIC/ATC/CBDCom/IOP/SCI)},
  publisher = {Ieee},
  doi = {10.1109/smartworld-uic-atc-scalcom-iop-sci.2019.00256},
  url = {http://dx.doi.org/10.1109/smartworld-uic-atc-scalcom-iop-sci.2019.00256},
}
@article{durack2019gut,
  title = {The gut microbiome: Relationships with disease and opportunities for therapy},
  author = {Durack, Juliana and Lynch, Susan V},
  year = 2019,
  journal = {Journal of experimental medicine},
  publisher = {Rockefeller University Press},
  volume = 216,
  number = 1,
  pages = {20--40},
}
@article{elnahrawy2003research,
  title = {Research directions in sensor data streams: solutions and challenges},
  author = {Elnahrawy, Eiman},
  year = 2003,
  journal = {Rutgers University, Tech. Rep. DCIS-TR-527},
  volume = 2,
  pages = {D3},
}
@misc{emani2024democratizing,
  title = {Democratizing AI Accelerators for HPC Applications: Challenges, Success, and Support},
  author = {Emani, Murali and Raskar, Siddhisanket and John, Jophin and Durillo, Juan J. and Ben-Nun, Tal and Van Essen, Brian and Ltaief, Hatem and Brown, Nick},
  year = 2024,
  journal = {Birds of a Feather Archive},
  publisher = {The International Conference for High Performance Computing, Networking, Storage, and Analysis},
  url = {https://sc24.conference-program.com/presentation/?id=bof133&amp=&sess=sess628},
}
@inproceedings{eppstein2016quantifying,
  title = {Quantifying Deception: A Case Study in the Evolution of Antimicrobial Resistance},
  author = {Eppstein,  Margaret J. and Ogbunugafor,  C. Brandon},
  year = 2016,
  month = jul,
  booktitle = {Proceedings of the Genetic and Evolutionary Computation Conference 2016},
  publisher = {Acm},
  series = {Gecco ’16},
  pages = {101–108},
  doi = {10.1145/2908812.2908821},
  url = {http://dx.doi.org/10.1145/2908812.2908821},
  collection = {Gecco ’16},
}
@inproceedings{faa2024complete,
  title = {ALIFE ISAL 2024 Complete Proceedings PDF},
  author = {Faíña,  Andrés and Risi,  Sebastian and Medvet,  Eric and Stoy,  Kasper and Chan,  Bert and Miras,  Karine and Zahadat,  Payam and Grbic,  Djordje and Nadizar,  Giorgia},
  year = 2024,
  booktitle = {The 2024 Conference on Artificial Life},
  publisher = {MIT Press},
  series = {Alife 2024},
  doi = {10.1162/isal_a_00834},
  url = {http://dx.doi.org/10.1162/isal_a_00834},
  collection = {Alife 2024},
}
@article{felsenstein1981evolutionary,
  title = {Evolutionary trees from DNA sequences: a maximum likelihood approach},
  author = {Felsenstein, Joseph},
  year = 1981,
  journal = {Journal of molecular evolution},
  publisher = {Springer},
  volume = 17,
  pages = {368--376},
}
@
@article{felsenstein1983statistical,
  title = {Statistical Inference of Phylogenies},
  author = {Felsenstein,  Joseph},
  year = 1983,
  journal = {Journal of the Royal Statistical Society. Series A (General)},
  publisher = {Jstor},
  volume = 146,
  number = 3,
  pages = 246,
  doi = {10.2307/2981654},
  issn = {0035-9238},
  url = {http://dx.doi.org/10.2307/2981654},
}
@article{ferguson2003ecological,
  title = {Ecological and immunological determinants of influenza evolution},
  author = {Ferguson,  Neil M. and Galvani,  Alison P. and Bush,  Robin M.},
  year = 2003,
  month = mar,
  journal = {Nature},
  publisher = {Springer Science and Business Media LLC},
  volume = 422,
  number = 6930,
  pages = {428–433},
  doi = {10.1038/nature01509},
  issn = {1476-4687},
  url = {http://dx.doi.org/10.1038/nature01509},
}
@inproceedings{fincham1995use,
  title = {The Use of a High Resolution Accident Data Recorder in the Field},
  author = {Fincham, William F. and Kast, Armin and Lambourn, Richard F.},
  year = 1995,
  month = feb,
  booktitle = {SAE Technical Paper Series},
  publisher = {SAE International},
  series = {Annual},
  doi = {10.4271/950351},
  issn = {0148-7191},
  url = {http://dx.doi.org/10.4271/950351},
  collection = {Annual},
}
@inproceedings{fischer2012real,
  title = {Real-time visual analytics for event data streams},
  author = {Fischer, Fabian and Mansmann, Florian and Keim, Daniel A.},
  year = 2012,
  month = mar,
  booktitle = {Proceedings of the 27th Annual ACM Symposium on Applied Computing},
  publisher = {Acm},
  series = {Sac 2012},
  doi = {10.1145/2245276.2245432},
  url = {http://dx.doi.org/10.1145/2245276.2245432},
  collection = {Sac 2012},
}
@article{foster2017open,
  title = {Open Science Framework (OSF)},
  author = {Foster, Erin D. and Deardorff, Ariel},
  year = 2017,
  month = apr,
  journal = {Journal of the Medical Library Association},
  publisher = {University Library System, University of Pittsburgh},
  volume = 105,
  number = 2,
  doi = {10.5195/jmla.2017.88},
  issn = {1536-5050},
  url = {http://dx.doi.org/10.5195/jmla.2017.88},
}
@article{fragata2019evolution,
  title = {Evolution in the light of fitness landscape theory},
  author = {Fragata,  In\^es and Blanckaert,  Alexandre and Dias Louro,  Marco António and Liberles,  David A. and Bank,  Claudia},
  year = 2019,
  month = jan,
  journal = {Trends in Ecology \& Evolution},
  publisher = {Elsevier BV},
  volume = 34,
  number = 1,
  pages = {69–82},
  doi = {10.1016/j.tree.2018.10.009},
  issn = {0169-5347},
  url = {http://dx.doi.org/10.1016/j.tree.2018.10.009},
}
@article{fredkin1960trie,
  title = {Trie memory},
  author = {Fredkin, Edward},
  year = 1960,
  month = sep,
  journal = {Communications of the ACM},
  publisher = {ACM New York, NY, USA},
  volume = 3,
  number = 9,
  pages = {490--499},
  doi = {10.1145/367390.367400},
  issn = {1557-7317},
  url = {http://dx.doi.org/10.1145/367390.367400},
}
@article{frenchHostPhylogenyShapes2023,
  title = {Host phylogeny shapes viral transmission networks in an island ecosystem},
  author = {French,  Rebecca K. and Anderson,  Sandra H. and Cain,  Kristal E. and Greene,  Terry C. and Minor,  Maria and Miskelly,  Colin M. and Montoya,  Jose M. and Wille,  Michelle and Muller,  Chris G. and Taylor,  Michael W. and Digby,  Andrew and Crane,  Jodie and Davitt,  Galen and Eason,  Daryl and Hedman,  Petrus and Jeynes,  Bronnie and Latimer,  Scott and Little,  Sarah and Mitchell,  Michael and Osborne,  Jake and Philp,  Brodie and Salton,  Alyssa and Uddstrom,  Lydia and Vercoe,  Deidre and Webster,  Alex and Holmes,  Edward C.},
  year = 2023,
  month = sep,
  journal = {Nature Ecology \& Evolution},
  publisher = {Springer Science and Business Media LLC},
  volume = 7,
  number = 11,
  pages = {1834–1843},
  doi = {10.1038/s41559-023-02192-9},
  issn = {2397-334x},
  url = {http://dx.doi.org/10.1038/s41559-023-02192-9},
}
@article{friggeri2014rumor,
  title = {Rumor Cascades},
  author = {Friggeri, Adrien and Adamic, Lada and Eckles, Dean and Cheng, Justin},
  year = 2014,
  month = {May},
  journal = {Proceedings of the International AAAI Conference on Web and Social Media},
  volume = 8,
  number = 1,
  pages = {101--110},
  doi = {10.1609/icwsm.v8i1.14559},
  url = {https://ojs.aaai.org/index.php/ICWSM/article/view/14559},
}
@article{fukuyama2016partial,
  title = {Partial-Match Queries with Random Wildcards: In Tries and Distributed Hash Tables},
  author = {Junichiro Fukuyama},
  year = 2016,
  journal = {CoRR},
  volume = {abs/1601.04213},
  doi = {https://doi.org/10.48550/arXiv.1601.04213},
  url = {http://arxiv.org/abs/1601.04213},
  eprinttype = {arXiv},
  eprint = {1601.04213},
  timestamp = {Mon, 13 Aug 2018 16:47:00 +0200},
  biburl = {https://dblp.org/rec/journals/corr/Fukuyama16.bib},
  bibsource = {dblp computer science bibliography, https://dblp.org},
}
@article{furber2014spinnaker,
  title = {The spinnaker project},
  author = {Furber, Steve B and Galluppi, Francesco and Temple, Steve and Plana, Luis A},
  year = 2014,
  journal = {Proceedings of the IEEE},
  publisher = {Ieee},
  volume = 102,
  number = 5,
  pages = {652--665},
}
@article{gaber2005mining,
  title = {Mining Data Streams: A Review},
  author = {Gaber, Mohamed Medhat and Zaslavsky, Arkady and Krishnaswamy, Shonali},
  year = 2005,
  month = {jun},
  journal = {SIGMOD Rec.},
  publisher = {Association for Computing Machinery},
  address = {New York, NY, USA},
  volume = 34,
  number = 2,
  pages = {18--26},
  doi = {10.1145/1083784.1083789},
  issn = {0163-5808},
  url = {https://doi.org/10.1145/1083784.1083789},
  issue_date = {June 2005},
  numpages = 9,
}
@article{gagliardi2019international,
  title = {The international race towards Exascale in Europe},
  author = {Gagliardi, Fabrizio and Moreto, Miquel and Olivieri, Mauro and Valero, Mateo},
  year = 2019,
  journal = {CCF Transactions on High Performance Computing},
  publisher = {Springer},
  pages = {1--11},
}
@inproceedings{gaier2020discovering,
  title = {Discovering representations for black-box optimization},
  author = {Gaier,  Adam and Asteroth,  Alexander and Mouret,  Jean-Baptiste},
  year = 2020,
  month = jun,
  booktitle = {Proceedings of the 2020 Genetic and Evolutionary Computation Conference},
  publisher = {Acm},
  series = {Gecco ’20},
  pages = {103–111},
  doi = {10.1145/3377930.3390221},
  url = {http://dx.doi.org/10.1145/3377930.3390221},
  collection = {Gecco ’20},
}
@article{gama2007data,
  title = {Data stream processing},
  author = {Gama, Jo{\~a}o and Rodrigues, Pedro Pereira},
  year = 2007,
  journal = {Learning from data streams: Processing techniques in sensor networks},
  publisher = {Springer},
  pages = {25--39},
  doi = {10.1007/3-540-73679-4_3},
}
@inproceedings{garbus2024accelerating,
  title = {Accelerating Co-Evolutionary Learning Through Phylogeny-Informed Interaction Estimation},
  author = {Garbus,  Jack and Willkens,  Thomas and Lalejini,  Alexander and Pollack,  Jordan},
  year = 2024,
  month = jul,
  booktitle = {Proceedings of the Genetic and Evolutionary Computation Conference Companion},
  publisher = {Acm},
  series = {GECCO ’24 Companion},
  pages = {427–430},
  doi = {10.1145/3638530.3654250},
  url = {http://dx.doi.org/10.1145/3638530.3654250},
  collection = {GECCO ’24 Companion},
}
@article{genthon2023cell,
  title = {Cell Lineage Statistics with Incomplete Population Trees},
  author = {Genthon,  Arthur and Nozoe,  Takashi and Peliti,  Luca and Lacoste,  David},
  year = 2023,
  month = sep,
  journal = {PRX Life},
  publisher = {American Physical Society (APS)},
  volume = 1,
  number = 1,
  doi = {10.1103/prxlife.1.013014},
  issn = {2835-8279},
  url = {http://dx.doi.org/10.1103/PRXLife.1.013014},
}
@article{gholami2024ai,
  title = {AI and Memory Wall},
  author = {Gholami,  Amir and Yao,  Zhewei and Kim,  Sehoon and Hooper,  Coleman and Mahoney,  Michael W. and Keutzer,  Kurt},
  year = 2024,
  journal = {IEEE Micro},
  publisher = {Institute of Electrical and Electronics Engineers (IEEE)},
  pages = {1–5},
  doi = {10.1109/mm.2024.3373763},
  issn = {1937-4143},
  url = {http://dx.doi.org/10.1109/MM.2024.3373763},
}
@incollection{giannella2003mining,
  title = {Mining frequent patterns in data streams at multiple time granularities},
  author = {Giannella, Chris and Han, Jiawei and Pei, Jian and Yan, Xifeng and Yu, Philip S.},
  year = 2003,
  booktitle = {Next generation data mining},
  publisher = {MIT Press},
  volume = 212,
  pages = {191--212},
}
@inproceedings{giardina2015multi,
  title = {Multi-node Multi-agent Cloud Simulation: Approximating Synchronisation},
  author = {Giardina,  Antonio and Yang,  Yun and Vu,  Hai and Vasa,  Rajesh},
  year = 2015,
  month = aug,
  booktitle = {2015 IEEE 11th International Conference on e-Science},
  publisher = {Ieee},
  doi = {10.1109/escience.2015.32},
  url = {http://dx.doi.org/10.1109/eScience.2015.32},
}
@article{giardina2017inference,
  title = {Inference of Transmission Network Structure from HIV Phylogenetic Trees},
  author = {Giardina,  Federica and Romero-Severson,  Ethan Obie and Albert,  Jan and Britton,  Tom and Leitner,  Thomas},
  year = 2017,
  month = jan,
  journal = {PLOS Computational Biology},
  publisher = {Public Library of Science (PLoS)},
  volume = 13,
  number = 1,
  pages = {e1005316},
  doi = {10.1371/journal.pcbi.1005316},
  issn = {1553-7358},
  url = {http://dx.doi.org/10.1371/journal.pcbi.1005316},
  editor = {Tanaka,  Mark M.},
}
@article{gibbons2014measuring,
  title = {Measuring underreporting and under-ascertainment in infectious disease datasets: a comparison of methods},
  author = {Gibbons,  Cheryl L and Mangen,  Marie-Josée J and Plass,  Dietrich and Havelaar,  Arie H and Brooke,  Russell John and Kramarz,  Piotr and Peterson,  Karen L and Stuurman,  Anke L and Cassini,  Alessandro and Fèvre,  Eric M and Kretzschmar,  Mirjam EE},
  year = 2014,
  month = feb,
  journal = {BMC Public Health},
  publisher = {Springer Science and Business Media LLC},
  volume = 14,
  number = 1,
  doi = {10.1186/1471-2458-14-147},
  issn = {1471-2458},
  url = {http://dx.doi.org/10.1186/1471-2458-14-147},
}
@article{gilbert2015artificial,
  title = {Artificial Intelligence is here to help you pick the right shoes},
  author = {Gilbert, David},
  year = 2015,
  month = 10,
  journal = {International Business Times},
  publisher = {IBT Media},
  url = {https://www.ibtimes.com/artificial-intelligence-here-help-you-pick-right-shoes-2144114},
  urldate = {2023-12-04},
  note = {Accessed: 2023-12-04},
}
@article{giribet2007efficient,
  title = {Efficient Tree Searches with Available Algorithms},
  author = {Giribet, Gonzalo},
  year = 2007,
  month = jan,
  journal = {Evolutionary Bioinformatics},
  publisher = {SAGE Publications},
  volume = 3,
  pages = 117693430700300,
  doi = {10.1177/117693430700300014},
  issn = {1176-9343},
  url = {http://dx.doi.org/10.1177/117693430700300014},
}
@article{gnedinLcoalescentsSurvey2014,
  title = {{{$\lambda$}}-coalescents: a survey},
  author = {Gnedin, Alexander and Iksanov, Alexander and Marynych, Alexander},
  year = 2014,
  journal = {Journal of Applied Probability},
  publisher = {Cambridge University Press},
  volume = 51,
  pages = {23--40},
  doi = {10.1239/jap/1417528464},
  issn = {0021-9002, 1475-6072},
  url = {https://www.cambridge.org/core/journals/journal-of-applied-probability/article/coalescents-a-survey/FA2909DB6A6F3F6E9E523C81E570EE67},
  urldate = {2023-07-14},
  issue = {A},
  date = {2014-12},
  langid = {english},
}
@article{good2017dynamics,
  title = {The dynamics of molecular evolution over 60, 000 generations},
  author = {Good,  Benjamin H. and McDonald,  Michael J. and Barrick,  Jeffrey E. and Lenski,  Richard E. and Desai,  Michael M.},
  year = 2017,
  month = oct,
  journal = {Nature},
  publisher = {Springer Science and Business Media LLC},
  volume = 551,
  number = 7678,
  pages = {45–50},
  doi = {10.1038/nature24287},
  issn = {1476-4687},
  url = {http://dx.doi.org/10.1038/nature24287},
}
@book{goodman2020evolution,
  title = {Evolution in Action: Past,  Present and Future: A Festschrift in Honor of Erik D. Goodman},
  year = 2020,
  journal = {Genetic and Evolutionary Computation},
  publisher = {Springer International Publishing},
  doi = {10.1007/978-3-030-39831-6},
  isbn = 9783030398316,
  issn = {1932-0175},
  url = {http://dx.doi.org/10.1007/978-3-030-39831-6},
  editor = {Banzhaf, Wolfgang and Cheng, Betty H.~C. and Deb, Kalyanmoy and Holekamp, Kay E. and Lenski, Richard E. and Ofria, Charles and Pennock, Robert T. and Punch, William F. and Whittaker, Danielle J.},
}
@article{graham2012data,
  title = {Data challenges of time domain astronomy},
  author = {Graham, Matthew J. and Djorgovski, S. G. and Mahabal, Ashish and Donalek, Ciro and Drake, Andrew and Longo, Giuseppe},
  year = 2012,
  month = aug,
  journal = {Distributed and Parallel Databases},
  publisher = {Springer Science and Business Media LLC},
  volume = 30,
  number = {5-6},
  pages = {371--384},
  doi = {10.1007/s10619-012-7101-7},
  issn = {1573-7578},
  url = {http://dx.doi.org/10.1007/s10619-012-7101-7},
}
@inproceedings{groeneveld2021ispd,
  title = {ISPD 2021 Wafer-Scale Physics Modeling Contest: A New Frontier for Partitioning,  Placement and Routing},
  author = {Groeneveld,  Patrick and James,  Michael and Kibardin,  Vladimir and Sharapov,  Ilya and Tom,  Marvin and Wang,  Leo},
  year = 2021,
  month = mar,
  booktitle = {Proceedings of the 2021 International Symposium on Physical Design},
  publisher = {Acm},
  series = {Ispd ’21},
  doi = {10.1145/3439706.3446904},
  url = {http://dx.doi.org/10.1145/3439706.3446904},
  collection = {Ispd ’21},
}
@article{gropp1996high,
  title = {A high-performance, portable implementation of the MPI message passing interface standard},
  author = {Gropp, William and Lusk, Ewing and Doss, Nathan and Skjellum, Anthony},
  year = 1996,
  journal = {Parallel computing},
  publisher = {North-Holland},
  volume = 22,
  number = 6,
  pages = {789--828},
}
@article{groseclose2017public,
  title = {Public Health Surveillance Systems: Recent Advances in Their Use and Evaluation},
  author = {Groseclose,  Samuel L. and Buckeridge,  David L.},
  year = 2017,
  month = mar,
  journal = {Annual Review of Public Health},
  publisher = {Annual Reviews},
  volume = 38,
  number = 1,
  pages = {57–79},
  doi = {10.1146/annurev-publhealth-031816-044348},
  issn = {1545-2093},
  url = {http://dx.doi.org/10.1146/annurev-publhealth-031816-044348},
}
@article{guidi2018managing,
  title = {Managing social contents in Decentralized Online Social Networks: A survey},
  author = {Barbara Guidi and Marco Conti and Andrea Passarella and Laura Ricci},
  year = 2018,
  journal = {Online Social Networks and Media},
  volume = 7,
  pages = {12--29},
  doi = {https://doi.org/10.1016/j.osnem.2018.07.001},
  issn = {2468-6964},
  url = {https://www.sciencedirect.com/science/article/pii/S2468696418300132},
}
@article{gunther2014algorithm,
  title = {Algorithm 938: Compressing circular buffers},
  author = {Gunther,  John C.},
  year = 2014,
  month = feb,
  journal = {ACM Transactions on Mathematical Software},
  publisher = {Association for Computing Machinery (ACM)},
  volume = 40,
  number = 2,
  pages = {1–12},
  doi = {10.1145/2559995},
  issn = {1557-7295},
  url = {http://dx.doi.org/10.1145/2559995},
}
@inproceedings{hadiatna2016design,
  title = {Design and implementation of data logger using lossless data compression method for Internet of Things},
  author = {Hadiatna, Febrian and Hindersah, Hilwadi and Yolanda, Desta and Muhammad Agus Triawan},
  year = 2016,
  month = oct,
  booktitle = {2016 6th International Conference on System Engineering and Technology (ICSET)},
  publisher = {Ieee},
  doi = {10.1109/icsengt.2016.7849632},
  url = {http://dx.doi.org/10.1109/icsengt.2016.7849632},
}
@article{haller2023slim,
  title = {SLiM 4: Multispecies Eco-Evolutionary Modeling},
  author = {Haller,  Benjamin C. and Messer,  Philipp W.},
  year = 2023,
  month = may,
  journal = {The American Naturalist},
  publisher = {University of Chicago Press},
  volume = 201,
  number = 5,
  pages = {E127–e139},
  doi = {10.1086/723601},
  issn = {1537-5323},
  url = {http://dx.doi.org/10.1086/723601},
}
}
@article{han2005stream,
  title = {Stream Cube: An Architecture for Multi-Dimensional Analysis of Data Streams},
  author = {Han, Jiawei and Chen, Yixin and Dong, Guozhu and Pei, Jian and Wah, Benjamin W. and Wang, Jianyong and Cai, Y. Dora},
  year = 2005,
  month = sep,
  journal = {Distributed and Parallel Databases},
  publisher = {Springer Science and Business Media LLC},
  volume = 18,
  number = 2,
  pages = {173--197},
  doi = {10.1007/s10619-005-3296-1},
  issn = {1573-7578},
  url = {http://dx.doi.org/10.1007/s10619-005-3296-1},
}
@article{hansen2001completely,
  title = {Completely Derandomized Self-Adaptation in Evolution Strategies},
  author = {Hansen,  Nikolaus and Ostermeier,  Andreas},
  year = 2001,
  month = jun,
  journal = {Evolutionary Computation},
  publisher = {MIT Press - Journals},
  volume = 9,
  number = 2,
  pages = {159–195},
  doi = {10.1162/106365601750190398},
  issn = {1530-9304},
  url = {http://dx.doi.org/10.1162/106365601750190398},
}
@inbook{harding2007fast_springer,
  title = {Fast Genetic Programming on GPUs},
  author = {Harding, Simon and Banzhaf, Wolfgang},
  year = 2007,
  booktitle = {Genetic Programming},
  publisher = {Springer Berlin Heidelberg},
  pages = {90--101},
  doi = {10.1007/978-3-540-71605-1_9},
  isbn = 9783540716051,
  url = {http://dx.doi.org/10.1007/978-3-540-71605-1_9},
}
@inproceedings{harper2012spatial,
  title = {Spatial co-evolution: quicker,  fitter and less bloated},
  author = {Harper,  Robin},
  year = 2012,
  month = jul,
  booktitle = {Proceedings of the 14th annual conference on Genetic and evolutionary computation},
  publisher = {Acm},
  series = {Gecco ’12},
  pages = {759–766},
  doi = {10.1145/2330163.2330269},
  url = {http://dx.doi.org/10.1145/2330163.2330269},
  collection = {Gecco ’12},
}
@article{harris2020array,
  title = {Array programming with NumPy},
  author = {Harris,  Charles R. and Millman,  K. Jarrod and van der Walt,  Stéfan J. and Gommers,  Ralf and Virtanen,  Pauli and Cournapeau,  David and Wieser,  Eric and Taylor,  Julian and Berg,  Sebastian and Smith,  Nathaniel J. and Kern,  Robert and Picus,  Matti and Hoyer,  Stephan and van Kerkwijk,  Marten H. and Brett,  Matthew and Haldane,  Allan and del Río,  Jaime Fernández and Wiebe,  Mark and Peterson,  Pearu and Gérard-Marchant,  Pierre and Sheppard,  Kevin and Reddy,  Tyler and Weckesser,  Warren and Abbasi,  Hameer and Gohlke,  Christoph and Oliphant,  Travis E.},
  year = 2020,
  month = sep,
  journal = {Nature},
  publisher = {Springer Science and Business Media LLC},
  volume = 585,
  number = 7825,
  pages = {357–362},
  doi = {10.1038/s41586-020-2649-2},
  issn = {1476-4687},
  url = {http://dx.doi.org/10.1038/s41586-020-2649-2},
}
@inproceedings{he2010comet,
  title = {Comet: batched stream processing for data intensive distributed computing},
  author = {He, Bingsheng and Yang, Mao and Guo, Zhenyu and Chen, Rishan and Su, Bing and Lin, Wei and Zhou, Lidong},
  year = 2010,
  month = jun,
  booktitle = {Proceedings of the 1st ACM symposium on Cloud computing},
  publisher = {Acm},
  series = {Socc '10},
  doi = {10.1145/1807128.1807139},
  url = {http://dx.doi.org/10.1145/1807128.1807139},
  collection = {Socc '10},
}
@article{heldens2020landscape,
  title = {The Landscape of Exascale Research: A Data-Driven Literature Analysis},
  author = {Heldens,  Stijn and Hijma,  Pieter and Werkhoven,  Ben Van and Maassen,  Jason and Belloum,  Adam S. Z. and Van Nieuwpoort,  Rob V.},
  year = 2020,
  month = mar,
  journal = {ACM Computing Surveys},
  publisher = {Association for Computing Machinery (ACM)},
  volume = 53,
  number = 2,
  pages = {1–43},
  doi = {10.1145/3372390},
  issn = {1557-7341},
  url = {http://dx.doi.org/10.1145/3372390},
}
@inbook{henzinger1998computing,
  title = {Computing on data streams},
  author = {Henzinger, Monika and Raghavan, Prabhakar and Rajagopalan, Sridhar},
  year = 1999,
  month = nov,
  booktitle = {DIMACS Series in Discrete Mathematics and Theoretical Computer Science},
  publisher = {American Mathematical Society},
  pages = {107--118},
  doi = {10.1090/dimacs/050/05},
  issn = {2472-4793},
  url = {http://dx.doi.org/10.1090/dimacs/050/05},
}
@incollection{hernandez2022can,
  title = {What can phylogenetic metrics tell us about useful diversity in evolutionary algorithms?},
  author = {Hernandez, Jose Guadalupe and Lalejini, Alexander and Dolson, Emily},
  year = 2022,
  booktitle = {Genetic programming theory and practice XVIII},
  publisher = {Springer},
  pages = {63--82},
}
@inproceedings{hernandez2022phylogenetic,
  title = {Phylogenetic diversity predicts future success in evolutionary computation},
  author = {Hernandez,  Jose Guadalupe and Lalejini,  Alexander and Dolson,  Emily},
  year = 2022,
  month = jul,
  booktitle = {Proceedings of the Genetic and Evolutionary Computation Conference Companion},
  publisher = {Acm},
  series = {Gecco ’22},
  pages = {23–24},
  doi = {10.1145/3520304.3534079},
  url = {http://dx.doi.org/10.1145/3520304.3534079},
  collection = {Gecco ’22},
}
@article{hill2009real,
  title = {Real-time Bayesian anomaly detection in streaming environmental data},
  author = {Hill, David J. and Minsker, Barbara S. and Amir, Eyal},
  year = 2009,
  month = mar,
  journal = {Water Resources Research},
  publisher = {American Geophysical Union (AGU)},
  volume = 45,
  number = 4,
  doi = {10.1029/2008wr006956},
  issn = {1944-7973},
  url = {http://dx.doi.org/10.1029/2008wr006956},
}
@article{hinchliff2015synthesis,
  title = {Synthesis of phylogeny and taxonomy into a comprehensive tree of life},
  author = {Cody E. Hinchliff  and Stephen A. Smith  and James F. Allman  and J. Gordon Burleigh  and Ruchi Chaudhary  and Lyndon M. Coghill  and Keith A. Crandall  and Jiabin Deng  and Bryan T. Drew  and Romina Gazis  and Karl Gude  and David S. Hibbett  and Laura A. Katz  and H. Dail Laughinghouse  and Emily Jane McTavish  and Peter E. Midford  and Christopher L. Owen  and Richard H. Ree  and Jonathan A. Rees  and Douglas E. Soltis  and Tiffani Williams  and Karen A. Cranston},
  year = 2015,
  journal = {Proceedings of the National Academy of Sciences},
  volume = 112,
  number = 41,
  pages = {12764--12769},
  doi = {10.1073/pnas.1423041112},
  url = {https://www.pnas.org/doi/abs/10.1073/pnas.1423041112},
  eprint = {https://www.pnas.org/doi/pdf/10.1073/pnas.1423041112},
}
@article{hindr2012new,
  title = {New insights into bacterial adaptation through in vivo and in silico experimental evolution},
  author = {Hindré,  Thomas and Knibbe,  Carole and Beslon,  Guillaume and Schneider,  Dominique},
  year = 2012,
  month = mar,
  journal = {Nature Reviews Microbiology},
  publisher = {Springer Science and Business Media LLC},
  volume = 10,
  number = 5,
  pages = {352–365},
  doi = {10.1038/nrmicro2750},
  issn = {1740-1534},
  url = {http://dx.doi.org/10.1038/nrmicro2750},
}
@incollection{hornby2006automated,
  title = {Automated Antenna Design with Evolutionary Algorithms},
  author = {Hornby, Gregory and Globus, Al and Linden, Derek and Lohn, Jason},
  year = 2006,
  month = sep,
  booktitle = {Space 2006},
  publisher = {American Institute of Aeronautics and Astronautics},
  doi = {10.2514/6.2006-7242},
  url = {http://dx.doi.org/10.2514/6.2006-7242},
}
@article{houlahan2016priority,
  title = {The priority of prediction in ecological understanding},
  author = {Houlahan,  Jeff E. and McKinney,  Shawn T. and Anderson,  T. Michael and McGill,  Brian J.},
  year = 2016,
  month = oct,
  journal = {Oikos},
  publisher = {Wiley},
  volume = 126,
  number = 1,
  pages = {1–7},
  doi = {10.1111/oik.03726},
  issn = {1600-0706},
  url = {http://dx.doi.org/10.1111/oik.03726},
}
@article{hu2010evolvability,
  title = {Evolvability and Speed of Evolutionary Algorithms in Light of Recent Developments in Biology},
  author = {Hu,  Ting and Banzhaf,  Wolfgang},
  year = 2010,
  month = jun,
  journal = {Journal of Artificial Evolution and Applications},
  publisher = {Wiley},
  volume = 2010,
  pages = {1–28},
  doi = {10.1155/2010/568375},
  issn = {1687-6237},
  url = {http://dx.doi.org/10.1155/2010/568375},
}
@article{hu2016storage,
  title = {Storage wall for exascale supercomputing},
  author = {Hu,  Wei and Liu,  Guang-ming and Li,  Qiong and Jiang,  Yan-huang and Cai,  Gui-lin},
  year = 2016,
  month = nov,
  journal = {Frontiers of Information Technology &amp; Electronic Engineering},
  publisher = {Zhejiang University Press},
  volume = 17,
  number = 11,
  pages = {1154–1175},
  doi = {10.1631/fitee.1601336},
  issn = {2095-9230},
  url = {http://dx.doi.org/10.1631/FITEE.1601336},
}
@incollection{hu2023genetic,
  title = {Genetic programming for interpretable and explainable machine learning},
  author = {Hu, Ting},
  year = 2023,
  booktitle = {Genetic Programming Theory and Practice XIX},
  publisher = {Springer},
  pages = {81--90},
}
@article{hunter2007matplotlib,
  title = {Matplotlib: A 2D graphics environment},
  author = {Hunter, J. D.},
  year = 2007,
  journal = {Computing in Science \& Engineering},
  publisher = {Ieee Computer Soc},
  volume = 9,
  number = 3,
  pages = {90--95},
  doi = {10.1109/mcse.2007.55},
}
@article{huron2013visual,
  title = {Visual Sedimentation},
  author = {Huron, Samuel and Vuillemot, Romain and Fekete, Jean-Daniel},
  year = 2013,
  month = dec,
  journal = {IEEE Transactions on Visualization and Computer Graphics},
  publisher = {Institute of Electrical and Electronics Engineers (IEEE)},
  volume = 19,
  number = 12,
  pages = {2446--2455},
  doi = {10.1109/tvcg.2013.227},
  issn = {1077-2626},
  url = {http://dx.doi.org/10.1109/tvcg.2013.227},
}
@article{hutson2018ai,
  title = {AI researchers allege that machine learning is alchemy},
  author = {Hutson,  Matthew},
  year = 2018,
  month = may,
  journal = {Science},
  publisher = {American Association for the Advancement of Science (AAAS)},
  doi = {10.1126/science.aau0577},
  issn = {1095-9203},
  url = {http://dx.doi.org/10.1126/science.aau0577},
}
@article{iyer2022wind,
  title = {Wind dispersal of battery-free wireless devices},
  author = {Iyer, Vikram and Gaensbauer, Hans and Daniel, Thomas L. and Gollakota, Shyamnath},
  year = 2022,
  month = mar,
  journal = {Nature},
  publisher = {Springer Science and Business Media LLC},
  volume = 603,
  number = 7901,
  pages = {427--433},
  doi = {10.1038/s41586-021-04363-9},
  issn = {1476-4687},
  url = {http://dx.doi.org/10.1038/s41586-021-04363-9},
}
@inproceedings{jacquelin2022scalable,
  title = {Scalable Distributed High-Order Stencil Computations},
  author = {Jacquelin,  Mathias and Araya–Polo,  Mauricio and Meng,  Jie},
  year = 2022,
  month = nov,
  booktitle = {SC22: International Conference for High Performance Computing,  Networking,  Storage and Analysis},
  publisher = {Ieee},
  doi = {10.1109/sc41404.2022.00035},
  url = {http://dx.doi.org/10.1109/SC41404.2022.00035},
}
@article{jain2019review,
  title = {A Review on Traffic Monitoring System Techniques},
  author = {Jain,  Neeraj Kumar and Saini,  R. K. and Mittal,  Preeti},
  year = 2018,
  month = aug,
  booktitle = {Soft Computing: Theories and Applications},
  publisher = {Springer Singapore},
  pages = {569–577},
  doi = {10.1007/978-981-13-0589-4_53},
  isbn = 9789811305894,
  issn = {2194-5365},
  url = {http://dx.doi.org/10.1007/978-981-13-0589-4\_53},
}
@article{jain2022survey,
  title = {A survey on event-driven and query-driven hierarchical routing protocols for mobile sink-based wireless sensor networks},
  author = {Jain, Shubhra and Verma, Rahul Kumar and Pattanaik, K. K. and Shukla, Anupam},
  year = 2022,
  month = feb,
  journal = {The Journal of Supercomputing},
  publisher = {Springer Science and Business Media LLC},
  volume = 78,
  number = 9,
  pages = {11492--11538},
  doi = {10.1007/s11227-022-04327-4},
  issn = {1573-0484},
  url = {http://dx.doi.org/10.1007/s11227-022-04327-4},
}
@article{javed2022simplification,
  title = {Simplification of genetic programs: a literature survey},
  author = {Javed, Noman and Gobet, Fernand and Lane, Peter},
  year = 2022,
  journal = {Data Mining and Knowledge Discovery},
  publisher = {Springer},
  volume = 36,
  number = 4,
  pages = {1279--1300},
}
@article{jia2019dissecting,
  title = {Dissecting the Graphcore IPU Architecture via Microbenchmarking},
  author = {Jia,  Zhe and Tillman,  Blake and Maggioni,  Marco and Scarpazza,  Daniele Paolo},
  year = 2019,
  journal = {arXiv},
  publisher = {arXiv},
  doi = {10.48550/arxiv.1912.03413},
  url = {https://arxiv.org/abs/1912.03413},
  copyright = {arXiv.org perpetual,  non-exclusive license},
}
@article{jiang2006research,
  title = {Research issues in data stream association rule mining},
  author = {Jiang, Nan and Gruenwald, Le},
  year = 2006,
  month = mar,
  journal = {ACM SIGMOD Record},
  publisher = {Association for Computing Machinery (ACM)},
  volume = 35,
  number = 1,
  pages = {14--19},
  doi = {10.1145/1121995.1121998},
  issn = {0163-5808},
  url = {http://dx.doi.org/10.1145/1121995.1121998},
}
@inbook{johnson2005streams,
  title = {Streams, Security and Scalability},
  author = {Johnson, Theodore and Muthukrishnan, S. and Spatscheck, Oliver and Srivastava, Divesh},
  year = 2005,
  booktitle = {Lecture Notes in Computer Science},
  publisher = {Springer Berlin Heidelberg},
  pages = {1--15},
  doi = {10.1007/11535706_1},
  isbn = 9783540319375,
  issn = {1611-3349},
  url = {http://dx.doi.org/10.1007/11535706_1},
}
@book{jones2008artificial,
  title = {Artificial Intelligence: A Systems Approach: A Systems Approach},
  author = {Jones, M Tim},
  year = 2008,
  publisher = {Jones \& Bartlett Learning},
}
@inproceedings{jouppi2017datacenter,
  title = {In-Datacenter Performance Analysis of a Tensor Processing Unit},
  author = {Jouppi,  Norman P. and Young,  Cliff and Patil,  Nishant and Patterson,  David and Agrawal,  Gaurav and Bajwa,  Raminder and Bates,  Sarah and Bhatia,  Suresh and Boden,  Nan and Borchers,  Al and Boyle,  Rick and Cantin,  Pierre-luc and Chao,  Clifford and Clark,  Chris and Coriell,  Jeremy and Daley,  Mike and Dau,  Matt and Dean,  Jeffrey and Gelb,  Ben and Ghaemmaghami,  Tara Vazir and Gottipati,  Rajendra and Gulland,  William and Hagmann,  Robert and Ho,  C. Richard and Hogberg,  Doug and Hu,  John and Hundt,  Robert and Hurt,  Dan and Ibarz,  Julian and Jaffey,  Aaron and Jaworski,  Alek and Kaplan,  Alexander and Khaitan,  Harshit and Killebrew,  Daniel and Koch,  Andy and Kumar,  Naveen and Lacy,  Steve and Laudon,  James and Law,  James and Le,  Diemthu and Leary,  Chris and Liu,  Zhuyuan and Lucke,  Kyle and Lundin,  Alan and MacKean,  Gordon and Maggiore,  Adriana and Mahony,  Maire and Miller,  Kieran and Nagarajan,  Rahul and Narayanaswami,  Ravi and Ni,  Ray and Nix,  Kathy and Norrie,  Thomas and Omernick,  Mark and Penukonda,  Narayana and Phelps,  Andy and Ross,  Jonathan and Ross,  Matt and Salek,  Amir and Samadiani,  Emad and Severn,  Chris and Sizikov,  Gregory and Snelham,  Matthew and Souter,  Jed and Steinberg,  Dan and Swing,  Andy and Tan,  Mercedes and Thorson,  Gregory and Tian,  Bo and Toma,  Horia and Tuttle,  Erick and Vasudevan,  Vijay and Walter,  Richard and Wang,  Walter and Wilcox,  Eric and Yoon,  Doe Hyun},
  year = 2017,
  month = jun,
  booktitle = {Proceedings of the 44th Annual International Symposium on Computer Architecture},
  publisher = {Acm},
  series = {Isca ’17},
  doi = {10.1145/3079856.3080246},
  url = {http://dx.doi.org/10.1145/3079856.3080246},
  collection = {Isca ’17},
}
@article{kala2012multi,
  title = {Multi-robot path planning using co-evolutionary genetic programming},
  author = {Kala,  Rahul},
  year = 2012,
  month = feb,
  journal = {Expert Systems with Applications},
  publisher = {Elsevier BV},
  volume = 39,
  number = 3,
  pages = {3817–3831},
  doi = {10.1016/j.eswa.2011.09.090},
  issn = {0957-4174},
  url = {http://dx.doi.org/10.1016/j.eswa.2011.09.090},
}
@article{kandeel2021omicron,
  title = {Omicron variant genome evolution and phylogenetics},
  author = {Kandeel,  Mahmoud and Mohamed,  Maged E. M. and Abd El‐Lateef,  Hany M. and Venugopala,  Katharigatta N. and El‐Beltagi,  Hossam S.},
  year = 2021,
  month = dec,
  journal = {Journal of Medical Virology},
  publisher = {Wiley},
  volume = 94,
  number = 4,
  pages = {1627–1632},
  doi = {10.1002/jmv.27515},
  issn = {1096-9071},
  url = {http://dx.doi.org/10.1002/jmv.27515},
}
@article{kawecki2012experimental,
  title = {Experimental evolution},
  author = {Kawecki, Tadeusz J and Lenski, Richard E and Ebert, Dieter and Hollis, Brian and Olivieri, Isabelle and Whitlock, Michael C},
  year = 2012,
  journal = {Trends in ecology \& evolution},
  publisher = {Elsevier},
  volume = 27,
  number = 10,
  pages = {547--560},
}
@book{kent2006guide,
  title = {Guide to computer security log management},
  author = {Kent,  K and Souppaya,  M P},
  year = 2006,
  doi = {10.6028/nist.sp.800-92},
  url = {http://dx.doi.org/10.6028/NIST.SP.800-92},
  institution = {National Institute of Standards and Technology},
}
@inproceedings{khan2021analysis,
  title = {An Analysis of System Balance and Architectural Trends Based on Top500 Supercomputers},
  author = {Khan,  Awais and Sim,  Hyogi and Vazhkudai,  Sudharshan S. and Butt,  Ali R. and Kim,  Youngjae},
  year = 2021,
  month = jan,
  booktitle = {The International Conference on High Performance Computing in Asia-Pacific Region},
  publisher = {Acm},
  series = {HPC Asia 2021},
  doi = {10.1145/3432261.3432263},
  url = {http://dx.doi.org/10.1145/3432261.3432263},
  collection = {HPC Asia 2021},
}
@article{kingmanCoalescent1982,
  title = {The coalescent},
  author = {Kingman, J. F. C.},
  year = 1982,
  journal = {Stochastic Processes and their Applications},
  volume = 13,
  number = 3,
  pages = {235--248},
  doi = {https://doi.org/10.1016/0304-4149(82)90011-4},
  issn = {0304-4149},
  url = {https://www.sciencedirect.com/science/article/pii/0304414982900114},
  date = 1982,
}
@article{kirschner1998evolvability,
  title = {Evolvability},
  author = {Kirschner, Marc and Gerhart, John},
  year = 1998,
  journal = {Proceedings of the National Academy of Sciences},
  publisher = {National Acad Sciences},
  volume = 95,
  number = 15,
  pages = {8420--8427},
}
@techreport{klasky2021data,
  title = {Data Reduction for Science: Brochure from the Advanced Scientific Computing Research Workshop},
  author = {Klasky,  Scott and Thayer,  Jana and Najm,  Habib},
  year = 2021,
  month = apr,
  doi = {10.2172/1770192},
  url = {http://dx.doi.org/10.2172/1770192},
  institution = {Office of Scientific and Technical Information (OSTI)},
}
@article{kogge2013exascale,
  title = {Exascale Computing Trends: Adjusting to the &amp;amp;#x0022;New Normal&amp;amp;#x0022;’ for Computer Architecture},
  author = {Kogge,  Peter and Shalf,  John},
  year = 2013,
  month = nov,
  journal = {Computing in Science &amp; Engineering},
  publisher = {Institute of Electrical and Electronics Engineers (IEEE)},
  volume = 15,
  number = 6,
  pages = {16–26},
  doi = {10.1109/mcse.2013.95},
  issn = {1521-9615},
  url = {http://dx.doi.org/10.1109/MCSE.2013.95},
}
@article{konno2022deep,
  title = {Deep distributed computing to reconstruct extremely large lineage trees},
  author = {Konno,  Naoki and Kijima,  Yusuke and Watano,  Keito and Ishiguro,  Soh and Ono,  Keiichiro and Tanaka,  Mamoru and Mori,  Hideto and Masuyama,  Nanami and Pratt,  Dexter and Ideker,  Trey and Iwasaki,  Wataru and Yachie,  Nozomu},
  year = 2022,
  month = jan,
  journal = {Nature Biotechnology},
  publisher = {Springer Science and Business Media LLC},
  volume = 40,
  number = 4,
  pages = {566–575},
  doi = {10.1038/s41587-021-01111-2},
  issn = {1546-1696},
  url = {http://dx.doi.org/10.1038/s41587-021-01111-2},
}
@article{kouvaris2017evolution,
  title = {How evolution learns to generalise: Using the principles of learning theory to understand the evolution of developmental organisation},
  author = {Kouvaris, Kostas and Clune, Jeff and Kounios, Loizos and Brede, Markus and Watson, Richard A},
  year = 2017,
  journal = {PLoS computational biology},
  publisher = {Public Library of Science San Francisco, CA USA},
  volume = 13,
  number = 4,
  pages = {e1005358},
}
@article{koza1991genetic,
  title = {Genetic evolution and co-evolution of computer programs},
  author = {Koza, John R and others},
  year = 1991,
  journal = {Artificial life II},
  publisher = {Citeseer},
  volume = 10,
  pages = {603--629},
}
@article{krizhevsky2012imagenet,
  title = {Imagenet classification with deep convolutional neural networks},
  author = {Krizhevsky, Alex and Sutskever, Ilya and Hinton, Geoffrey E},
  year = 2012,
  journal = {Advances in neural information processing systems},
  volume = 25,
  pages = {1097--1105},
  url = {https://proceedings.neurips.cc/paper_files/paper/2012/file/c399862d3b9d6b76c8436e924a68c45b-Paper.pdf},
  urldate = {2023-12-04},
  note = {Accessed: 2023-12-04},
}
@article{kucharski2016study,
  title = {Study epidemiology of fake news},
  author = {Kucharski, Adam},
  year = 2016,
  month = dec,
  journal = {Nature},
  publisher = {Springer Science and Business Media LLC},
  volume = 540,
  number = 7634,
  pages = {525--525},
  doi = {10.1038/540525a},
  issn = {1476-4687},
  url = {http://dx.doi.org/10.1038/540525a},
}
@inproceedings{kumar2003biologically,
  title = {Biologically inspired evolutionary development},
  author = {Kumar, Sanjeev and Bentley, Peter J},
  year = 2003,
  booktitle = {International Conference on Evolvable Systems},
  pages = {57--68},
  organization = {Springer},
}
@article{kumawat2023fluctuating,
  title = {Fluctuating environments promote evolvability by shaping adaptive variation accessible to populations},
  author = {Kumawat, Bhaskar and Lalejini, Alexander and Acosta, Monica and Zaman, Luis},
  year = 2023,
  journal = {bioRxiv},
  publisher = {Cold Spring Harbor Laboratory},
  pages = {2023--01},
}
@article{kushida2015cloud,
  title = {Cloud Computing: From Scarcity to Abundance},
  author = {Kushida, Kenji E. and Murray, Jonathan and Zysman, John},
  year = 2015,
  month = feb,
  journal = {Journal of Industry, Competition and Trade},
  publisher = {Springer Science and Business Media LLC},
  volume = 15,
  number = 1,
  pages = {5--19},
  doi = {10.1007/s10842-014-0188-y},
  issn = {1573-7012},
  url = {http://dx.doi.org/10.1007/s10842-014-0188-y},
}
@inproceedings{kwon2018beyond,
  title = {Beyond the Memory Wall: A Case for Memory-Centric HPC System for Deep Learning},
  author = {Kwon,  Youngeun and Rhu,  Minsoo},
  year = 2018,
  month = oct,
  booktitle = {2018 51st Annual IEEE/ACM International Symposium on Microarchitecture (MICRO)},
  publisher = {Ieee},
  doi = {10.1109/micro.2018.00021},
  url = {http://dx.doi.org/10.1109/MICRO.2018.00021},
}
@article{la2021understanding,
  title = {Understanding the growth of the Fediverse through the lens of Mastodon},
  author = {La Cava, Lucio and Greco, Sergio and Tagarelli, Andrea},
  year = 2021,
  month = sep,
  journal = {Applied Network Science},
  publisher = {Springer Science and Business Media LLC},
  volume = 6,
  number = 1,
  doi = {10.1007/s41109-021-00392-5},
  issn = {2364-8228},
  url = {http://dx.doi.org/10.1007/s41109-021-00392-5},
}
@inproceedings{lalejini2018signalgp,
  title = {Evolving event-driven programs with SignalGP},
  author = {Lalejini,  Alexander and Ofria,  Charles},
  year = 2018,
  month = jul,
  booktitle = {Proceedings of the Genetic and Evolutionary Computation Conference},
  publisher = {Acm},
  series = {Gecco ’18},
  pages = {1135–1142},
  doi = {10.1145/3205455.3205523},
  url = {http://dx.doi.org/10.1145/3205455.3205523},
  collection = {Gecco ’18},
}
@inproceedings{lalejini2019data,
  title = {Data Standards for Artificial Life Software},
  author = {Lalejini,  Alexander and Dolson,  Emily and Bohm,  Clifford and Ferguson,  Austin J. and Parsons,  David P. and Rainford,  Penelope Faulkner and Richmond,  Paul and Ofria,  Charles},
  year = 2019,
  booktitle = {The 2019 Conference on Artificial Life},
  publisher = {MIT Press},
  series = {Alife 2019},
  pages = {507--514},
  doi = {10.1162/isal_a_00213},
  url = {http://dx.doi.org/10.1162/isal\_a\_00213},
  collection = {Alife 2019},
  organization = {MIT Press One Rogers Street, Cambridge, MA 02142-1209, USA journals-info~…},
}
@article{lalejini2021tag,
  title = {Tag-based regulation of modules in genetic programming improves context-dependent problem solving},
  author = {Lalejini, Alexander and Moreno, Matthew Andres and Ofria, Charles},
  year = 2021,
  month = jul,
  journal = {Genetic Programming and Evolvable Machines},
  volume = 22,
  number = 3,
  pages = {325--355},
  doi = {10.1007/s10710-021-09406-8},
  issn = {1389-2576, 1573-7632},
  url = {https://link.springer.com/10.1007/s10710-021-09406-8},
  urldate = {2021-07-10},
  copyright = {All rights reserved},
  language = {en},
}
@article{lalejini2022artificial,
  title = {Artificial selection methods from evolutionary computing show promise for directed evolution of microbes},
  author = {Lalejini, Alexander and Dolson, Emily and Vostinar, Anya E and Zaman, Luis},
  year = 2022,
  journal = {Elife},
  publisher = {eLife Sciences Publications Limited},
  volume = 11,
  pages = {e79665},
}
@incollection{lalejini2024phylogeny,
  title = {Phylogeny-Informed Fitness Estimation for Test-Based Parent Selection},
  author = {Lalejini, Alexander and Moreno, Matthew Andres and Hernandez, Jose Guadalupe and Dolson, Emily},
  year = 2024,
  booktitle = {Genetic Programming Theory and Practice XX},
  publisher = {Springer International Publishing},
  pages = {241--261},
  doi = {10.1007/978-981-99-8413-8_13},
  isbn = {978-981-99-8413-8},
  url = {https://doi.org/10.1007/978-981-99-8413-8_13},
  editor = {Winkler, Stephan and Trujillo, Leonardo and Ofria, Charles and Hu, Ting},
}
@misc{lalejini2024runtime,
  title = {Runtime phylogenetic analysis enables extreme subsampling for test-based problems},
  author = {Alexander Lalejini and Marcos Sanson and Jack Garbus and Matthew Andres Moreno and Emily Dolson},
  year = 2024,
  publisher = {arXiv},
  doi = {10.48550/arXiv.2402.01610},
  url = {https://arxiv.org/abs/2402.01610},
  copyright = {arXiv.org perpetual, non-exclusive license},
  eprint = {2402.01610},
  archiveprefix = {arXiv},
  primaryclass = {cs.NE},
}
@inproceedings{lam2015numba,
  title = {Numba: a LLVM-based Python JIT compiler},
  author = {Lam,  Siu Kwan and Pitrou,  Antoine and Seibert,  Stanley},
  year = 2015,
  month = nov,
  booktitle = {Proceedings of the Second Workshop on the LLVM Compiler Infrastructure in HPC},
  publisher = {Acm},
  series = {Sc15},
  pages = {1–6},
  doi = {10.1145/2833157.2833162},
  url = {http://dx.doi.org/10.1145/2833157.2833162},
  collection = {Sc15},
}
@inproceedings{langdon2014improving,
  title = {Improving 3D medical image registration CUDA software with genetic programming},
  author = {Langdon, William B and Modat, Marc and Petke, Justyna and Harman, Mark},
  year = 2014,
  booktitle = {Proceedings of the 2014 Annual Conference on Genetic and Evolutionary Computation},
  pages = {951--958},
}
@inproceedings{langdon2019continuous,
  title = {Continuous Long-Term Evolution of Genetic Programming},
  author = {Langdon, William B. and Banzhaf, Wolfgang},
  year = 2019,
  booktitle = {The 2019 Conference on Artificial Life},
  publisher = {MIT Press},
  series = {Alife 2019},
  doi = {10.1162/isal_a_00191.xml},
  url = {http://dx.doi.org/10.1162/isal_a_00191.xml},
  collection = {Alife 2019},
}
@book{langton1989artificial,
  title = {Artificial Life, Volume I: Proceedings Of An Interdisciplinary Workshop On Synthesis And Simulation Of Living Systems},
  author = {Langton, C.G.},
  year = 1989,
  publisher = {Avalon Publishing},
  series = {Advanced book program: Addison-Wesley},
  isbn = 9780201093469,
  lccn = 89203979,
}
@article{lauterbach2021path,
  title = {The Path to Successful Wafer-Scale Integration: The Cerebras Story},
  author = {Lauterbach,  Gary},
  year = 2021,
  month = nov,
  journal = {IEEE Micro},
  publisher = {Institute of Electrical and Electronics Engineers (IEEE)},
  volume = 41,
  number = 6,
  pages = {52–57},
  doi = {10.1109/mm.2021.3112025},
  issn = {1937-4143},
  url = {http://dx.doi.org/10.1109/mm.2021.3112025},
}
@inproceedings{lee2012modular,
  title = {A modular 1 mm$^3 $die-stacked sensing platform with low power $I^2$C inter-die communication and multi-modal energy harvesting},
  author = {Lee, Yoonmyung and Kim, Gyouho and Bang, Suyoung and Kim, Yejoong and Lee, Inhee and Dutta, Prabal and Sylvester, Dennis and Blaauw, David},
  year = 2012,
  month = feb,
  booktitle = {2012 IEEE International Solid-State Circuits Conference},
  publisher = {Ieee},
  doi = {10.1109/isscc.2012.6177065},
  url = {http://dx.doi.org/10.1109/isscc.2012.6177065},
}
@article{lee2015morphological,
  title = {Morphological Phylogenetics in the Genomic Age},
  author = {Lee, Michael S.Y. and Palci, Alessandro},
  year = 2015,
  month = oct,
  journal = {Current Biology},
  publisher = {Elsevier BV},
  volume = 25,
  number = 19,
  pages = {R922-r929},
  doi = {10.1016/j.cub.2015.07.009},
  issn = {0960-9822},
  url = {http://dx.doi.org/10.1016/j.cub.2015.07.009},
}
@inproceedings{lehman2010efficiently,
  title = {Efficiently evolving programs through the search for novelty},
  author = {Lehman, Joel and Stanley, Kenneth O.},
  year = 2010,
  booktitle = {Proceedings of the 12th Annual Conference on Genetic and Evolutionary Computation},
  location = {Portland, Oregon, USA},
  publisher = {Association for Computing Machinery},
  address = {New York, NY, USA},
  series = {Gecco '10},
  pages = {837–844},
  doi = {10.1145/1830483.1830638},
  isbn = 9781450300728,
  url = {https://doi.org/10.1145/1830483.1830638},
  numpages = 8,
}
@article{lehman2020surprising,
  title = {The surprising creativity of digital evolution: A collection of anecdotes from the evolutionary computation and artificial life research communities},
  author = {Lehman, Joel and Clune, Jeff and Misevic, Dusan and Adami, Christoph and Altenberg, Lee and Beaulieu, Julie and Bentley, Peter J and Bernard, Samuel and Beslon, Guillaume and Bryson, David M and others},
  year = 2020,
  journal = {Artificial life},
  publisher = {MIT Press One Rogers Street, Cambridge, MA 02142-1209, USA journals-info~…},
  volume = 26,
  number = 2,
  pages = {274--306},
}
@inbook{lehman2023evolution,
  title = {Evolution Through Large Models},
  author = {Lehman,  Joel and Gordon,  Jonathan and Jain,  Shawn and Ndousse,  Kamal and Yeh,  Cathy and Stanley,  Kenneth O.},
  year = 2023,
  month = nov,
  booktitle = {Handbook of Evolutionary Machine Learning},
  publisher = {Springer Nature Singapore},
  pages = {331–366},
  doi = {10.1007/978-981-99-3814-8_11},
  isbn = 9789819938148,
  issn = {1932-0175},
  url = {http://dx.doi.org/10.1007/978-981-99-3814-8_11},
}
@article{levy2015quantitative,
  title = {Quantitative evolutionary dynamics using high-resolution lineage tracking},
  author = {Levy,  Sasha F. and Blundell,  Jamie R. and Venkataram,  Sandeep and Petrov,  Dmitri A. and Fisher,  Daniel S. and Sherlock,  Gavin},
  year = 2015,
  month = feb,
  journal = {Nature},
  publisher = {Springer Science and Business Media LLC},
  volume = 519,
  number = 7542,
  pages = {181–186},
  doi = {10.1038/nature14279},
  issn = {1476-4687},
  url = {http://dx.doi.org/10.1038/nature14279},
}
@article{lewinsohnStatedependentEvolutionaryModels2023a,
  title = {State-dependent evolutionary models reveal modes of solid tumour growth},
  author = {Lewinsohn, Maya A. and Bedford, Trevor and Müller, Nicola F. and Feder, Alison F.},
  year = 2023,
  month = mar,
  journal = {Nature Ecology \& Evolution},
  publisher = {Springer Science and Business Media LLC},
  volume = 7,
  number = 4,
  pages = {581--596},
  doi = {10.1038/s41559-023-02000-4},
  issn = {2397-334x},
  url = {https://www.nature.com/articles/s41559-023-02000-4},
  urldate = {2023-10-02},
  rights = {2023 This is a U.S. Government work and not under copyright protection in the {US}; foreign copyright protection may apply},
  journaltitle = {Nature Ecology \& Evolution},
  shortjournal = {Nat Ecol Evol},
  langid = {english},
}
@article{li2024reconstructing,
  title = {Reconstructing cell lineage trees with genomic barcoding: approaches and applications},
  author = {Li,  Zizhang and Yang,  Wenjing and Wu,  Peng and Shan,  Yuyan and Zhang,  Xiaoyu and Chen,  Feng and Yang,  Junnan and Yang,  Jian-Rong},
  year = 2024,
  month = jan,
  journal = {Journal of Genetics and Genomics},
  publisher = {Elsevier BV},
  volume = 51,
  number = 1,
  pages = {35–47},
  doi = {10.1016/j.jgg.2023.05.011},
  issn = {1673-8527},
  url = {http://dx.doi.org/10.1016/j.jgg.2023.05.011},
}
@article{libennowell2008tracing,
  title = {Tracing Information Flow on a Global Scale Using Internet Chain-Letter Data},
  author = {David Liben-Nowell and Jon Kleinberg},
  year = 2008,
  journal = {Proceedings of the National Academy of Sciences},
  volume = 105,
  number = 12,
  pages = {4633--4638},
  doi = {10.1073/pnas.0708471105},
  url = {https://www.pnas.org/doi/abs/10.1073/pnas.0708471105},
  eprint = {https://www.pnas.org/doi/pdf/10.1073/pnas.0708471105},
}
@inproceedings{lie2022cerebras,
  title = {Cerebras Architecture Deep Dive: First Look Inside the HW/SW Co-Design for Deep Learning : Cerebras Systems},
  author = {Lie,  Sean},
  year = 2022,
  month = aug,
  booktitle = {2022 IEEE Hot Chips 34 Symposium (HCS)},
  publisher = {Ieee},
  doi = {10.1109/hcs55958.2022.9895479},
  url = {http://dx.doi.org/10.1109/HCS55958.2022.9895479},
}
@article{lie2023cerebras,
  title = {Cerebras Architecture Deep Dive: First Look Inside the Hardware/Software Co-Design for Deep Learning},
  author = {Lie,  Sean},
  year = 2023,
  month = may,
  journal = {IEEE Micro},
  publisher = {Institute of Electrical and Electronics Engineers (IEEE)},
  volume = 43,
  number = 3,
  pages = {18–30},
  doi = {10.1109/mm.2023.3256384},
  issn = {1937-4143},
  url = {http://dx.doi.org/10.1109/MM.2023.3256384},
}
@inproceedings{lin2004continuously,
  title = {Continuously maintaining quantile summaries of the most recent N elements over a data stream},
  author = {Lin, X. and Lu, H. and Xu, J. and Yu, J.X.},
  year = 2004,
  booktitle = {Proceedings. 20th International Conference on Data Engineering},
  publisher = {IEEE Comput. Soc},
  series = {Icde-04},
  doi = {10.1109/icde.2004.1320011},
  url = {http://dx.doi.org/10.1109/icde.2004.1320011},
  collection = {Icde-04},
}
@article{ling2021dissecting,
  title = {Dissecting the Meme Magic: Understanding Indicators of Virality in Image Memes},
  author = {Ling, Chen and AbuHilal, Ihab and Blackburn, Jeremy and De Cristofaro, Emiliano and Zannettou, Savvas and Stringhini, Gianluca},
  year = 2021,
  month = {apr},
  journal = {Proc. ACM Hum.-Comput. Interact.},
  publisher = {Association for Computing Machinery},
  address = {New York, NY, USA},
  volume = 5,
  number = {Cscw1},
  doi = {10.1145/3449155},
  url = {https://doi.org/10.1145/3449155},
  issue_date = {April 2021},
  articleno = 81,
  numpages = 24,
}
@article{lipton2019troubling,
  title = {Troubling Trends in Machine Learning Scholarship: Some ML papers suffer from flaws that could mislead the public and stymie future research.},
  author = {Lipton, Zachary C and Steinhardt, Jacob},
  year = 2019,
  journal = {Queue},
  publisher = {ACM New York, NY, USA},
  volume = 17,
  number = 1,
  pages = {45--77},
}
@inproceedings{louw2021using,
  title = {Using the Graphcore IPU for traditional HPC applications},
  author = {Louw, Thorben and McIntosh-Smith, Simon},
  year = 2021,
  booktitle = {3rd Workshop on Accelerated Machine Learning (AccML)},
  note = {EasyChair preprint.},
}
@inproceedings{ltaief2023scaling,
  title = {Scaling the “Memory Wall” for Multi-Dimensional Seismic Processing with Algebraic Compression on Cerebras CS-2 Systems},
  author = {Ltaief,  Hatem and Hong,  Yuxi and Wilson,  Leighton and Jacquelin,  Mathias and Ravasi,  Matteo and Keyes,  David Elliot},
  year = 2023,
  month = nov,
  booktitle = {Proceedings of the International Conference for High Performance Computing,  Networking,  Storage and Analysis},
  publisher = {Acm},
  series = {Sc ’23},
  doi = {10.1145/3581784.3627042},
  url = {http://dx.doi.org/10.1145/3581784.3627042},
  collection = {Sc ’23},
}
@article{lucas1889jeux,
  title = {Jeux Scientifiques Pour Servir {\`a} L’histoire, {\`a} L’enseignement et {\`a} la Pratique du Calcul et du Dessin},
  author = {Lucas, {\`E}},
  year = 1889,
  journal = {Paris: EL, Imp. Girard et fils},
}
@article{luharuka2003design,
  title = {Design and realization of a portable data logger for physiological sensing [GSR]},
  author = {Luharuka, R. and Gao, R.X. and Krishnamurty, S.},
  year = 2003,
  journal = {IEEE Transactions on Instrumentation and Measurement},
  volume = 52,
  number = 4,
  pages = {1289--1295},
  doi = {10.1109/tim.2003.816808},
  url = {https://dx.doi.org/10.1109/tim.2003.816808},
}
@article{lynch2025complexity,
  title = {Complexity myths and the misappropriation of evolutionary theory},
  author = {Lynch,  Michael},
  year = 2025,
  month = may,
  journal = {Proceedings of the National Academy of Sciences},
  publisher = {Proceedings of the National Academy of Sciences},
  volume = 122,
  number = 23,
  doi = {10.1073/pnas.2425772122},
  issn = {1091-6490},
  url = {http://dx.doi.org/10.1073/pnas.2425772122},
}
@inproceedings{macal2018chisim,
  title = {Chisim: An Agent-based Simulation Model Of Social Interactions In A Large Urban Area},
  author = {Macal,  Charles M. and Collier,  Nicholson T. and Ozik,  Jonathan and Tatara,  Eric R. and Murphy,  John T.},
  year = 2018,
  month = dec,
  booktitle = {2018 Winter Simulation Conference (WSC)},
  publisher = {Ieee},
  doi = {10.1109/wsc.2018.8632409},
  url = {http://dx.doi.org/10.1109/WSC.2018.8632409},
}
@article{mahzan2017design,
  title = {Design and Development of an Arduino Based Data Logger for Photovoltaic Monitoring System},
  author = {Mahzan, Najwa Nasuha},
  year = 2016,
  month = jan,
  journal = {International Journal of Simulation: Systems, Science \& Technology},
  publisher = {UK Simulation Society},
  doi = {10.5013/ijssst.a.17.41.15},
  issn = {1473-804x},
  url = {http://dx.doi.org/10.5013/ijssst.a.17.41.15},
}
@inbook{manku2002approximate,
  title = {Approximate Frequency Counts over Data Streams},
  author = {Manku, Gurmeet Singh and Motwani, Rajeev},
  year = 2002,
  booktitle = {VLDB '02: Proceedings of the 28th International Conference on Very Large Databases},
  publisher = {Elsevier},
  pages = {346--357},
  doi = {10.1016/b978-155860869-6/50038-x},
  url = {http://dx.doi.org/10.1016/b978-155860869-6/50038-x},
}
@article{marblestone2016toward,
  title = {Toward an integration of deep learning and neuroscience},
  author = {Marblestone, Adam H and Wayne, Greg and Kording, Konrad P},
  year = 2016,
  journal = {Frontiers in computational neuroscience},
  publisher = {Frontiers},
  volume = 10,
  pages = 94,
}
@article{math2018omics,
  title = {The Omics Revolution Continues: The Maturation of High-Throughput Biological Data Sources},
  author = {Mathé,  Ewy and Hays,  John and Stover,  Daniel and Chen,  James},
  year = 2018,
  month = aug,
  journal = {Yearbook of Medical Informatics},
  publisher = {Georg Thieme Verlag KG},
  volume = 27,
  number = {01},
  pages = {211–222},
  doi = {10.1055/s-0038-1667085},
  issn = {2364-0502},
  url = {http://dx.doi.org/10.1055/s-0038-1667085},
}
@inproceedings{mckinney2010data,
  title = {Data Structures for Statistical Computing in Python},
  author = {McKinney,  Wes},
  year = 2010,
  booktitle = {Proceedings of the 9th Python in Science Conference},
  publisher = {SciPy},
  series = {SciPy},
  pages = {56–61},
  doi = {10.25080/majora-92bf1922-00a},
  issn = {2575-9752},
  url = {http://dx.doi.org/10.25080/Majora-92bf1922-00a},
  collection = {SciPy},
  editor = {{S}t\'efan van der {W}alt and {J}arrod {M}illman},
}
@inproceedings{mcphee2009developmental,
  title = {Developmental plasticity in linear genetic programming},
  author = {McPhee, Nicholas Freitag and Crane, Ellery and Lahr, Sara E and Poli, Riccardo},
  year = 2009,
  booktitle = {Proceedings of the 11th Annual conference on Genetic and evolutionary computation},
  pages = {1019--1026},
}
@article{mcphee2016using,
  title = {Using graph databases to explore the dynamics of genetic programming runs},
  author = {McPhee, Nicholas Freitag and Donatucci, David and Helmuth, Thomas},
  year = 2016,
  journal = {Genetic programming theory and practice XIII},
  publisher = {Springer},
  pages = {185--201},
}
@book{mehta2018handbook,
  title = {Handbook of data structures and applications},
  author = {Mehta, Dinesh P and Sahni, Sartaj},
  year = 2018,
  month = feb,
  publisher = {Chapman and Hall/CRC},
  address = {New York},
  doi = {10.1201/9781315119335},
  isbn = 9781315119335,
  url = {http://dx.doi.org/10.1201/9781315119335},
}
@article{mellacher2022endogenous,
  title = {Endogenous viral mutations,  evolutionary selection,  and containment policy design},
  author = {Mellacher,  Patrick},
  year = 2022,
  month = jan,
  journal = {Journal of Economic Interaction and Coordination},
  publisher = {Springer Science and Business Media LLC},
  volume = 17,
  number = 3,
  pages = {801–825},
  doi = {10.1007/s11403-021-00344-3},
  issn = {1860-7128},
  url = {http://dx.doi.org/10.1007/s11403-021-00344-3},
}
@techreport{microchip2014atiny20,
  title = {ATtiny20 8-bit AVR Microcontroller Datasheet},
  author = {Microchip Technology Inc.},
  year = 2014,
  address = {Novi, MI},
  url = {https://ww1.microchip.com/downloads/en/devicedoc/atmel-8235-8-bit-avr-microcontroller-attiny20_datasheet.pdf},
  urldate = {2023-07-08},
  note = {Accessed: 2023-07-08},
  institution = {Microchip Technology Inc.},
}
@inproceedings{miebach2002hubble,
  title = {Hubble Space Telescope on-line telemetry archive for monitoring science instruments},
  author = {Miebach, Manfred P},
  year = 2002,
  booktitle = {Observatory Operations to Optimize Scientific Return III},
  volume = 4844,
  pages = {408--416},
  doi = {10.1117/12.460637},
  organization = {Spie},
}
@inbook{miikkulainen2019evolving,
  title = {Evolving Deep Neural Networks},
  author = {Miikkulainen, Risto and Liang, Jason and Meyerson, Elliot and Rawal, Aditya and Fink, Daniel and Francon, Olivier and Raju, Bala and Shahrzad, Hormoz and Navruzyan, Arshak and Duffy, Nigel and Hodjat, Babak},
  year = 2019,
  booktitle = {Artificial Intelligence in the Age of Neural Networks and Brain Computing},
  publisher = {Elsevier},
  pages = {293--312},
  doi = {10.1016/b978-0-12-815480-9.00015-3},
  url = {http://dx.doi.org/10.1016/b978-0-12-815480-9.00015-3},
}
@article{miikkulainen2021biological,
  title = {A biological perspective on evolutionary computation},
  author = {Miikkulainen,  Risto and Forrest,  Stephanie},
  year = 2021,
  month = jan,
  journal = {Nature Machine Intelligence},
  publisher = {Springer Science and Business Media LLC},
  volume = 3,
  number = 1,
  pages = {9–15},
  doi = {10.1038/s42256-020-00278-8},
  issn = {2522-5839},
  url = {http://dx.doi.org/10.1038/s42256-020-00278-8},
}
@inbook{miikkulainen2024evolving,
  title = {Evolving deep neural networks},
  author = {Miikkulainen,  Risto and Liang,  Jason and Meyerson,  Elliot and Rawal,  Aditya and Fink,  Dan and Francon,  Olivier and Raju,  Bala and Shahrzad,  Hormoz and Navruzyan,  Arshak and Duffy,  Nigel and Hodjat,  Babak},
  year = 2024,
  booktitle = {Artificial Intelligence in the Age of Neural Networks and Brain Computing},
  publisher = {Elsevier},
  pages = {269–287},
  doi = {10.1016/b978-0-323-96104-2.00002-6},
  isbn = 9780323961042,
  url = {http://dx.doi.org/10.1016/B978-0-323-96104-2.00002-6},
}
@inbook{miller2001taking,
  title = {Taking the Copy Out of Copyright},
  author = {Miller, Ernest and Feigenbaum, Joan},
  year = 2002,
  booktitle = {Lecture Notes in Computer Science},
  publisher = {Springer Berlin Heidelberg},
  pages = {233--244},
  doi = {10.1007/3-540-47870-1_15},
  isbn = 9783540478706,
  issn = {0302-9743},
  url = {http://dx.doi.org/10.1007/3-540-47870-1_15},
}
@inproceedings{miller2010creating,
  title = {Creating the CIPRES Science Gateway for inference of large phylogenetic trees},
  author = {Miller,  Mark A. and Pfeiffer,  Wayne and Schwartz,  Terri},
  year = 2010,
  month = nov,
  booktitle = {2010 Gateway Computing Environments Workshop (GCE)},
  publisher = {Ieee},
  doi = {10.1109/gce.2010.5676129},
  url = {http://dx.doi.org/10.1109/GCE.2010.5676129},
}
@inproceedings{miller2015cartesian,
  title = {Cartesian Genetic Programming},
  author = {Miller,  Julian and Turner,  Andrew},
  year = 2015,
  month = jul,
  booktitle = {Proceedings of the Companion Publication of the 2015 Annual Conference on Genetic and Evolutionary Computation},
  publisher = {Acm},
  series = {Gecco ’15},
  pages = {179–198},
  doi = {10.1145/2739482.2756571},
  url = {http://dx.doi.org/10.1145/2739482.2756571},
  collection = {Gecco ’15},
}
@article{minsky1991logical,
  title = {Logical versus analogical or symbolic versus connectionist or neat versus scruffy},
  author = {Minsky, Marvin L},
  year = 1991,
  journal = {AI magazine},
  volume = 12,
  number = 2,
  pages = {34--34},
}
@inproceedings{mollah2018comparative,
  title = {A Comparative Study of Topology Design Approaches for HPC Interconnects},
  author = {Mollah,  Md Atiqul and Faizian,  Peyman and Rahman,  Md Shafayat and Yuan,  Xin and Pakin,  Scott and Lang,  Mike},
  year = 2018,
  month = may,
  booktitle = {2018 18th IEEE/ACM International Symposium on Cluster,  Cloud and Grid Computing (CCGRID)},
  publisher = {Ieee},
  doi = {10.1109/ccgrid.2018.00066},
  url = {http://dx.doi.org/10.1109/CCGRID.2018.00066},
}
@article{moore2023evolution,
  title = {Is the evolution metaphor still necessary or even useful for genetic programming?},
  author = {Moore, Jason H},
  year = 2023,
  journal = {Genetic Programming and Evolvable Machines},
  publisher = {Springer},
  volume = 24,
  number = 2,
  pages = 21,
}
@misc{moore2024cerebras,
  title = {{C}erebras {U}nveils {I}ts {N}ext {W}aferscale {A}{I} {C}hip --- spectrum.ieee.org},
  author = {Samuel K. Moore},
  year = 2024,
  note = {[Accessed 08-04-2024]},
  howpublished = {\url{https://spectrum.ieee.org/cerebras-chip-cs3}},
}
@inproceedings{moreno2018learning,
  title = {Learning an Evolvable Genotype-Phenotype Mapping},
  author = {Moreno, Matthew Andres and Banzhaf, Wolfgang and Ofria, Charles},
  year = 2018,
  booktitle = {Proceedings of the Genetic and Evolutionary Computation Conference},
  location = {Kyoto, Japan},
  publisher = {Association for Computing Machinery},
  address = {New York, NY, USA},
  series = {Gecco '18},
  pages = {983--990},
  doi = {10.1145/3205455.3205597},
  isbn = 9781450356183,
  url = {https://doi.org/10.1145/3205455.3205597},
  numpages = 8,
}
@inproceedings{moreno2018understanding,
  title = {Understanding Fraternal Transitions in Individuality},
  author = {Moreno, Matthew Andres and Ofria, Charles},
  year = 2018,
  booktitle = {OEE3: The Third Workshop on Open-Ended Evolution},
  location = {Tokyo, Japan},
  url = {http://workshops.alife.org/oee3/papers/moreno-oee3-final.pdf},
  numpages = 8,
}
@misc{moreno2019evaluating,
  title = {Evaluating Function Dispatch Methods in SignalGP},
  author = {Moreno, Matthew A},
  year = 2019,
  month = {Dec},
  publisher = {Osf},
  doi = {10.17605/osf.io/rmkcv},
  url = {osf.io/rmkcv},
  note = {Preprint via Open Science Framework at \url{https://osf.io/rmkcv}.},
}
@article{moreno2019toward,
  title = {Toward Open-Ended Fraternal Transitions in Individuality},
  author = {Moreno, Matthew Andres and Ofria, Charles},
  year = 2019,
  month = {05},
  journal = {Artificial Life},
  publisher = {MIT Press},
  volume = 25,
  number = 2,
  pages = {117--133},
  doi = {10.1162/artl_a_00284},
  issn = {1064-5462},
  url = {https://doi.org/10.1162/artl\_a\_00284},
  eprint = {https://direct.mit.edu/artl/article-pdf/25/2/117/1896700/artl\_a\_00284.pdf},
}
@misc{moreno2020profiling,
  title = {Profiling Foundations for Scalable Digital Evolution Methods},
  author = {Moreno, Matthew A},
  year = 2020,
  month = {Jul},
  publisher = {Osf},
  doi = {10.17605/osf.io/tcjfy},
  url = {osf.io/tcjfy},
  note = {Preprint via Open Science Framework at \url{https://osf.io/tcjfy}.},
}
@inproceedings{moreno2021case,
  title = {Case Study of Novelty, Complexity, and Adaptation in a Multicellular System},
  author = {Moreno, Matthew Andres and Papa, Santiago Rodriguez and Ofria, Charles},
  year = 2021,
  booktitle = {OEE4: The Fourth Workshop on Open-Ended Evolution},
  location = {Prague, Czech Republic},
  doi = {10.48550/arXiv.2405.07241},
  url = {http://workshops.alife.org/oee4/papers/moreno-oee4-camera-ready.pdf},
  urldate = {2023-12-04},
  note = {Accessed: 2023-12-04},
  numpages = 9,
}
@inproceedings{moreno2021conduit,
  title = {Conduit: A C++ Library for Best-Effort High Performance Computing},
  shorttitle = {Conduit},
  author = {Moreno, Matthew Andres and Papa, Santiago Rodriguez and Ofria, Charles},
  year = 2021,
  month = jul,
  booktitle = {Proceedings of the Genetic and Evolutionary Computation Conference Companion},
  location = {Lille, France},
  publisher = {Association for Computing Machinery},
  address = {New York, NY, USA},
  series = {Gecco '21},
  pages = {1795--1800},
  doi = {10.1145/3449726.3463205},
  isbn = 9781450383516,
  url = {https://doi.org/10.1145/3449726.3463205},
  urldate = {2024-02-21},
  numpages = 6,
  date = {2021-07-08},
  file = {Full Text PDF:/home/emily/Zotero/storage/L6S83NKB/Moreno et al. - 2021 - Conduit a C++ library for best-effort high perfor.pdf:application/pdf},
  collection = {Gecco '21},
}
@inproceedings{moreno2021conduit_hpcs,
  title = {Conduit: A C++ Library for Best-Effort High Performance Computing},
  author = {Moreno, Matthew Andres and Papa, Santiago Rodriguez and Ofria, Charles},
  year = 2021,
  booktitle = {The 6th International Workshop on Modeling and Simulation of and by Parallel and Distributed Systems (MSPDS 2020)},
  location = {Barcelona, Sapin},
  series = {Hpcs 2021},
  numpages = 2,
}
@article{moreno2021signalgp,
  title = {SignalGP-Lite: Event Driven Genetic Programming Library for Large-Scale Artificial Life Applications},
  author = {Moreno, Matthew Andres and Papa, Santiago Rodriguez and Lalejini, Alexander and Ofria, Charles},
  year = 2021,
  journal = {arXiv},
  publisher = {arXiv},
  doi = {10.48550/arxiv.2108.00382},
  url = {https://arxiv.org/abs/2108.00382},
  copyright = {arXiv.org perpetual, non-exclusive license},
}
@article{moreno2022best,
  title = {Best-Effort Communication Improves Performance and Scales Robustly on Conventional Hardware},
  author = {Moreno, Matthew Andres and Ofria, Charles},
  year = 2022,
  journal = {arXiv},
  publisher = {arXiv},
  number = {{arXiv}:2211.10897},
  doi = {10.48550/arxiv.2211.10897},
  url = {https://arxiv.org/abs/2211.10897},
  urldate = {2024-02-22},
  copyright = {arXiv.org perpetual, non-exclusive license},
  date = {2023-10-06},
  eprinttype = {arxiv},
  eprint = {2211.10897 [cs]},
  file = {arXiv Fulltext PDF:/home/emily/Zotero/storage/2AYSH3MK/Moreno and Ofria - 2023 - Best-Effort Communication Improves Performance and.pdf:application/pdf;arXiv.org Snapshot:/home/emily/Zotero/storage/9WMPSXAG/2211.html:text/html},
}
@phdthesis{moreno2022engineering,
  title = {Engineering Scalable Digital Models to Study Major Transitions in Evolution},
  author = {Moreno, Matthew A.},
  year = 2022,
  journal = {ProQuest Dissertations and Theses},
  publisher = {Michigan State University},
  address = {East Lansing, MI},
  pages = 379,
  isbn = 9798358499232,
  url = {http://ezproxy.msu.edu/login?url=https://www.proquest.com/dissertations-theses/engineering-scalable-digital-models-study-major/docview/2754890561/se-2},
  note = {Copyright - Database copyright ProQuest LLC; ProQuest does not claim copyright in the individual underlying works; Last updated - 2022-12-27},
  language = {English},
  school = {Michigan State University},
  institution = {Michigan State University},
}
@article{moreno2022exploring,
  title = {Exploring Evolved Multicellular Life Histories in a Open-Ended Digital Evolution System},
  author = {Moreno, Matthew Andres and Ofria, Charles},
  year = 2022,
  journal = {Frontiers in Ecology and Evolution},
  volume = 10,
  doi = {10.3389/fevo.2022.750837},
  issn = {2296-701x},
  url = {https://www.frontiersin.org/articles/10.3389/fevo.2022.750837},
}
@inproceedings{moreno2022hereditary,
  title = {Hereditary Stratigraphy: Genome Annotations to Enable Phylogenetic Inference over Distributed Populations},
  shorttitle = {Hereditary Stratigraphy},
  author = {Moreno, Matthew Andres and Dolson, Emily and Ofria, Charles},
  year = 2022,
  month = {07},
  booktitle = {Proceedings of the Genetic and Evolutionary Computation Conference Companion},
  publisher = {{MIT} Press},
  series = {ALIFE 2022: The 2022 Conference on Artificial Life},
  volume = {ALIFE 2022: The 2022 Conference on Artificial Life},
  pages = 64,
  doi = {10.1162/isal_a_00550},
  url = {https://doi.org/10.1162/isal\_a\_00550},
  urldate = {2023-03-14},
  eprint = {https://direct.mit.edu/isal/proceedings-pdf/isal/34/64/2035363/isal\_a\_00550.pdf},
  eventtitle = {{Alife} 2022},
  date = {2022-07-18},
  langid = {english},
  file = {Full Text PDF:/home/emily/Zotero/storage/GR62CWZZ/Moreno et al. - 2022 - Hereditary Stratigraphy Genome Annotations to Ena.pdf:application/pdf},
}
@article{moreno2022hstrat,
  title = {hstrat: a Python Package for phylogenetic inference on distributed digital evolution populations},
  shorttitle = {hstrat},
  author = {Matthew Andres Moreno and Emily Dolson and Charles Ofria},
  year = 2022,
  month = dec,
  journal = {Journal of Open Source Software},
  publisher = {The Open Journal},
  volume = 7,
  number = 80,
  pages = 4866,
  doi = {10.21105/joss.04866},
  issn = {2475-9066},
  url = {https://doi.org/10.21105/joss.04866},
  urldate = {2023-01-25},
  journaltitle = {J. Open Source Software},
  shortjournal = {Joss},
  langid = {english},
}
@article{moreno2023matchmaker,
  title = {Matchmaker, matchmaker, make me a match: geometric, variational, and evolutionary implications of criteria for tag affinity},
  author = {Moreno, Matthew Andres and Lalejini, Alexander and Ofria, Charles},
  year = 2023,
  month = {Mar},
  day = 24,
  journal = {Genetic Programming and Evolvable Machines},
  volume = 24,
  number = 1,
  pages = 4,
  doi = {10.1007/s10710-023-09448-0},
  issn = {1573-7632},
  url = {https://doi.org/10.1007/s10710-023-09448-0},
}
@software{moreno2023teeplot,
  title = {mmore500/teeplot},
  author = {Matthew Andres Moreno},
  year = 2023,
  month = dec,
  publisher = {Zenodo},
  doi = {10.5281/zenodo.10440670},
  url = {https://doi.org/10.5281/zenodo.10440670},
}
@inproceedings{moreno2023toward,
  title = {Toward Phylogenetic Inference of Evolutionary Dynamics at Scale},
  author = {Moreno and Dolson and Rodriguez-Papa},
  year = 2023,
  month = {07},
  booktitle = {Alife 2023},
  publisher = {{MIT} Press},
  series = {Proceedings of the 2023 Artificial Life Conference},
  volume = {Proceedings of the 2023 Artificial Life Conference},
  pages = 79,
  doi = {10.1162/isal_a_00694},
  url = {https://doi.org/10.1162/isal\_a\_00694},
  urldate = {2023-09-27},
  eprint = {https://direct.mit.edu/isal/proceedings-pdf/isal/35/79/2149068/isal_a_00694.pdf},
  eventtitle = {{ALIFE} 2023: Ghost in the Machine: Proceedings of the 2023 Artificial Life Conference},
  date = {2023-07-24},
  langid = {english},
  file = {Full Text PDF:/home/emily/Zotero/storage/LW2VYRKU/Moreno et al. - 2023 - Toward Phylogenetic Inference of Evolutionary Dyna.pdf:application/pdf},
  collection = {Alife 2023},
}
@article{moreno2024algorithms,
  title = {Algorithms for Efficient,  Compact Online Data Stream Curation},
  author = {Moreno,  Matthew Andres and Papa,  Santiago Rodriguez and Dolson,  Emily},
  year = 2024,
  journal = {arXiv},
  publisher = {arXiv},
  doi = {10.48550/arxiv.2403.00266},
  url = {https://arxiv.org/abs/2403.00266},
  copyright = {arXiv.org perpetual,  non-exclusive license},
  eprint = {2403.00266},
  archiveprefix = {arXiv},
  primaryclass = {cs.DS},
}
@article{moreno2024analysis,
  title = {Analysis of Phylogeny Tracking Algorithms for Serial and Multiprocess Applications},
  author = {Moreno,  Matthew Andres and Papa,  Santiago Rodriguez and Dolson,  Emily},
  year = 2024,
  journal = {arXiv},
  publisher = {arXiv},
  doi = {10.48550/arxiv.2403.00246},
  url = {https://arxiv.org/abs/2403.00246},
  copyright = {arXiv.org perpetual,  non-exclusive license},
  eprint = {2403.00246},
  archiveprefix = {arXiv},
  primaryclass = {cs.DS},
}
@software{moreno2024apc,
  title = {mmore500/alifedata-phyloinformatics-convert},
  author = {Matthew Andres Moreno AND Santiago Rodriguez Papa},
  year = 2024,
  month = feb,
  publisher = {Zenodo},
  doi = {10.5281/zenodo.10701178},
  url = {https://doi.org/10.5281/zenodo.10701178},
}
@software{moreno2024downstream,
  title = {mmore500/downstream},
  author = {Matthew Andres Moreno and Connor Yang},
  year = 2024,
  month = mar,
  publisher = {Zenodo},
  doi = {10.5281/zenodo.10866541},
  url = {https://zenodo.org/doi/10.5281/zenodo.10866541},
}
@article{moreno2024ecology,
  title = {Ecology, Spatial Structure, and Selection Pressure Induce Strong Signatures in Phylogenetic Structure},
  author = {Moreno, Matthew Andres and Rodriguez-Papa, Santiago and Dolson, Emily},
  year = 2024,
  journal = {arXiv preprint arXiv:2405.07245},
}
@misc{moreno2024guide,
  title = {A Guide to Tracking Phylogenies in Parallel and Distributed Agent-based Evolution Models},
  author = {Matthew Andres Moreno and Anika Ranjan and Emily Dolson and Luis Zaman},
  year = 2024,
  journal = {arXiv preprint arXiv:2405.10183},
  doi = {10.48550/arXiv.2405.10183},
  url = {https://arxiv.org/abs/2405.10183},
  eprint = {2405.10183},
  archiveprefix = {arXiv},
  primaryclass = {cs.NE},
}
@software{moreno2024hstrat,
  title = {mmore500/hstrat},
  author = {Moreno,  Matthew Andres and Dolson,  Emily},
  year = 2024,
  publisher = {Zenodo},
  doi = {10.5281/zenodo.10779245},
  url = {https://zenodo.org/doi/10.5281/zenodo.10779245},
  copyright = {Creative Commons Attribution 4.0 International},
}
@software{moreno2024hsurf,
  title = {mmore500/hstrat-surface-concept},
  author = {Matthew Andres Moreno},
  year = 2024,
  month = mar,
  publisher = {Zenodo},
  doi = {10.5281/zenodo.10779240},
  url = {https://zenodo.org/doi/10.5281/zenodo.10779240},
}
@incollection{moreno2024methods,
  title = {Methods for Rich Phylogenetic Inference Over Distributed Sexual Populations},
  author = {Moreno, Matthew Andres},
  year = 2024,
  booktitle = {Genetic Programming Theory and Practice XX},
  location = {Singapore},
  publisher = {Springer International Publishing},
  pages = {125--141},
  doi = {10.1007/978-981-99-8413-8_7},
  isbn = {978-981-99-8413-8},
  url = {https://doi.org/10.1007/978-981-99-8413-8_7},
  urldate = {2024-02-22},
  editor = {Winkler, Stephan and Trujillo, Leonardo and Ofria, Charles and Hu, Ting},
  langid = {english},
  file = {Full Text PDF:/home/emily/Zotero/storage/WM4NC6XM/Moreno - 2024 - Methods for Rich Phylogenetic Inference Over Distr.pdf:application/pdf},
  eprint = {2404.10854},
  archiveprefix = {arXiv},
  primaryclass = {q-bio.PE},
}
@misc{moreno2024structured,
  title = {Structured Downsampling for Fast, Memory-efficient Curation of Online Data Streams},
  author = {Matthew Andres Moreno and Luis Zaman and Emily Dolson},
  year = 2024,
  doi = {10.48550/arXiv.2409.06199},
  url = {https://arxiv.org/abs/2409.06199},
  eprint = {2409.06199},
  archiveprefix = {arXiv},
  primaryclass = {cs.DS},
}
@misc{moreno2024toward,
  title = {Toward Wafer-Scale Digital Evolution Experiments},
  author = {Connor and Moreno, Matthew A},
  year = 2024,
  month = {Mar},
  publisher = {Osf},
  doi = {10.17605/osf.io/bfm2z},
  url = {osf.io/bfm2z},
}
@article{moreno2024trackable,
  title = {Trackable Agent-based Evolution Models at Wafer Scale},
  author = {Moreno,  Matthew Andres and Yang,  Connor and Dolson,  Emily and Zaman,  Luis},
  year = 2024,
  month = {07},
  journal = {arXiv},
  booktitle = {The 2024 Conference on Artificial Life},
  publisher = {arXiv},
  pages = {87--98},
  doi = {10.48550/arxiv.2404.10861},
  url = {https://arxiv.org/abs/2404.10861},
  copyright = {arXiv.org perpetual,  non-exclusive license},
  collection = {Alife 2024},
  numpages = 12,
  eprint = {2404.10861},
  archiveprefix = {arXiv},
  primaryclass = {cs.NE},
}
@software{moreno2024wse,
  title = {mmore500/wse-sketches},
  author = {Matthew Andres Moreno and Connor Yang},
  year = 2024,
  month = mar,
  publisher = {Zenodo},
  doi = {10.5281/zenodo.10779280},
  url = {https://doi.org/10.5281/zenodo.10779280},
}
@inproceedings{moreno2025testing,
  title = {Testing the Inference Accuracy of Accelerator-Friendly Approximate Phylogeny Tracking},
  author = {Moreno,  Matthew Andres and Ranjan,  Anika and Dolson,  Emily and Zaman,  Luis},
  year = 2025,
  month = mar,
  booktitle = {2025 IEEE Symposium on Computational Intelligence in Artificial Life and Cooperative Intelligent Systems (ALIFE-CIS)},
  publisher = {Ieee},
  pages = {1–9},
  doi = {10.1109/alife-cis64968.2025.10979833},
  url = {http://dx.doi.org/10.1109/ALIFE-CIS64968.2025.10979833},
}
@article{morgenstern2021unparalleled,
  title = {Unparalleled Parallelism? CPU \& GPU Architecture Trends and Their Implications for HPC Software},
  author = {Morgenstern,  Laura and Kabadshow,  Ivo and Werner,  Matthias},
  year = 2021,
  booktitle = {Tagungsband des FG-BS Frühjahrstreffens 2021},
  publisher = {Gesellschaft f\"{u}r Informatik e.V.},
  address = {Bonn},
  doi = {10.18420/fgbs2021f-02},
  url = {https://dl.gi.de/handle/20.500.12116/35785},
  language = {en},
}
@article{moshiri2020treeswift,
  title = {TreeSwift: A massively scalable Python tree package},
  author = {Moshiri,  N.},
  year = 2020,
  month = jan,
  journal = {SoftwareX},
  publisher = {Elsevier BV},
  volume = 11,
  pages = 100436,
  doi = {10.1016/j.softx.2020.100436},
  issn = {2352-7110},
  url = {http://dx.doi.org/10.1016/j.softx.2020.100436},
}
@article{moshiri2025compacttree,
  title = {CompactTree: a lightweight header-only C++ library and Python wrapper for ultra-large phylogenetics},
  author = {Moshiri,  Niema},
  year = 2025,
  month = mar,
  journal = {Gigabyte},
  publisher = {GigaScience Press},
  volume = 2025,
  doi = {10.46471/gigabyte.152},
  issn = {2709-4715},
  url = {http://dx.doi.org/10.46471/gigabyte.152},
}
@inbook{munteanu1999improving,
  title = {Improving Mutation Capabilities in a Real-Coded Genetic Algorithm},
  author = {Munteanu,  Cristian and Lazarescu,  Vasile},
  year = 1999,
  booktitle = {Evolutionary Image Analysis,  Signal Processing and Telecommunications},
  publisher = {Springer Berlin Heidelberg},
  pages = {138–149},
  doi = {10.1007/10704703_11},
  isbn = 9783540489177,
  issn = {1611-3349},
  url = {http://dx.doi.org/10.1007/10704703_11},
}
@inproceedings{murphy2008simple,
  title = {A Simple Powerful Constraint for Genetic Programming},
  author = {Murphy, Gearoid and Ryan, Conor},
  year = 2008,
  booktitle = {Genetic Programming},
  publisher = {Springer Berlin Heidelberg},
  address = {Berlin, Heidelberg},
  pages = {146--157},
  doi = {10.1007/978-3-540-78671-9_13},
  isbn = {978-3-540-78671-9},
  editor = {O'Neill, Michael and Vanneschi, Leonardo and Gustafson, Steven and Esparcia Alc{\'a}zar, Anna Isabel and De Falco, Ivanoe and Della Cioppa, Antonio and Tarantino, Ernesto},
}
@article{muthukrishnan2005data,
  title = {Data Streams: Algorithms and Applications},
  author = {S. Muthukrishnan},
  year = 2005,
  journal = {Foundations and Trends® in Theoretical Computer Science},
  publisher = {Now Publishers},
  volume = 1,
  number = 2,
  pages = {117--236},
  doi = {10.1561/0400000002},
  issn = {1551-305x},
  url = {https://doi.org/10.1561/0400000002},
  issue_date = {August 2005},
  numpages = 120,
}
@article{neherGeneticDraftSelective2013,
  title = {Genetic Draft, Selective Interference, and Population Genetics of Rapid Adaptation},
  author = {Neher, Richard A.},
  year = 2013,
  journal = {Annual Review of Ecology, Evolution, and Systematics},
  volume = 44,
  number = 1,
  pages = {195--215},
  doi = {10.1146/annurev-ecolsys-110512-135920},
  url = {https://doi.org/10.1146/annurev-ecolsys-110512-135920},
  note = {\_eprint: https://doi.org/10.1146/annurev-ecolsys-110512-135920},
  journaltitle = {Annual Review of Ecology, Evolution, and Systematics},
  date = 2013,
}
@article{nitash2021information,
  title = {Information-theoretic characterization of the complete genotype-phenotype map of a complex pre-biotic world: Comment on “From genotypes to organisms: State-of-the-art and perspectives of a cornerstone in evolutionary dynamics” by Susanna Manrubia et al.},
  author = {Nitash, CG and Adami, Christoph},
  year = 2021,
  journal = {Physics of Life Reviews},
  publisher = {Elsevier},
  volume = 38,
  pages = {111--114},
}
@incollection{nordborgCoalescentTheory2019,
  title = {Coalescent Theory},
  author = {Nordborg, Magnus},
  year = 2019,
  booktitle = {Handbook of Statistical Genomics},
  publisher = {John Wiley \& Sons, Ltd},
  pages = {145--30},
  doi = {10.1002/9781119487845.ch5},
  isbn = {978-1-119-48784-5},
  url = {https://onlinelibrary.wiley.com/doi/abs/10.1002/9781119487845.ch5},
  urldate = {2023-07-14},
  rights = {Copyright © 2019 John Wiley \& Sons Ltd},
  date = 2019,
  langid = {english},
}
@article{nozoe2017inferring,
  title = {Inferring fitness landscapes and selection on phenotypic states from single-cell genealogical data},
  author = {Nozoe,  Takashi and Kussell,  Edo and Wakamoto,  Yuichi},
  year = 2017,
  month = mar,
  journal = {PLOS Genetics},
  publisher = {Public Library of Science (PLoS)},
  volume = 13,
  number = 3,
  pages = {e1006653},
  doi = {10.1371/journal.pgen.1006653},
  issn = {1553-7404},
  url = {http://dx.doi.org/10.1371/journal.pgen.1006653},
  editor = {Matic,  Ivan},
}
@article{o2003digital,
  title = {Digital evolution},
  author = {O'Neill, Bill},
  year = 2003,
  journal = {PLoS Biology},
  publisher = {Public Library of Science San Francisco, USA},
  volume = 1,
  number = 1,
  pages = {e18},
}
@article{obermaier2021measuring,
  title = {Measuring the Realtime Capability of Parallel-Discrete-Event-Simulations},
  author = {Obermaier,  Christina and Riebl,  Raphael and Al-Bayatti,  Ali H. and Khan,  Sarmadullah and Facchi,  Christian},
  year = 2021,
  month = mar,
  journal = {Electronics},
  publisher = {Mdpi Ag},
  volume = 10,
  number = 6,
  pages = 636,
  doi = {10.3390/electronics10060636},
  issn = {2079-9292},
  url = {http://dx.doi.org/10.3390/electronics10060636},
}
@misc{oeis,
  title = {The {O}n-{L}ine {E}ncyclopedia of {I}nteger {S}equences},
  author = {OEIS Foundation},
  year = 2024,
  note = {Published electronically at \url{http://oeis.org}},
}
@article{ofria2004avida,
  title = {Avida: A Software Platform for Research in Computational Evolutionary Biology},
  author = {Ofria,  Charles and Wilke,  Claus O.},
  year = 2004,
  month = mar,
  journal = {Artificial Life},
  publisher = {MIT Press - Journals},
  volume = 10,
  number = 2,
  pages = {191–229},
  doi = {10.1162/106454604773563612},
  issn = {1530-9185},
  url = {http://dx.doi.org/10.1162/106454604773563612},
}
@article{ojo2018review,
  title = {A Review of Low-End, Middle-End, and High-End Iot Devices},
  author = {Ojo, Mike O. and Giordano, Stefano and Procissi, Gregorio and Seitanidis, Ilias N.},
  year = 2018,
  journal = {IEEE Access},
  publisher = {Institute of Electrical and Electronics Engineers (IEEE)},
  volume = 6,
  pages = {70528--70554},
  doi = {10.1109/access.2018.2879615},
  issn = {2169-3536},
  url = {http://dx.doi.org/10.1109/access.2018.2879615},
}
@article{oneil2010open,
  title = {Open issues in genetic programming},
  author = {O’Neill, Michael and Vanneschi, Leonardo and Gustafson, Steven and Banzhaf, Wolfgang},
  year = 2010,
  journal = {Genetic Programming and Evolvable Machines},
  publisher = {Springer},
  volume = 11,
  pages = {339--363},
}
@article{ozik2021population,
  title = {A population data-driven workflow for COVID-19 modeling and learning},
  author = {Ozik,  Jonathan and Wozniak,  Justin M and Collier,  Nicholson and Macal,  Charles M and Binois,  Mickaël},
  year = 2021,
  month = sep,
  journal = {The International Journal of High Performance Computing Applications},
  publisher = {SAGE Publications},
  volume = 35,
  number = 5,
  pages = {483–499},
  doi = {10.1177/10943420211035164},
  issn = {1741-2846},
  url = {http://dx.doi.org/10.1177/10943420211035164},
}
@misc{p,
  title = {pybind11 -- Seamless operability between C++11 and Python},
  author = {Wenzel Jakob and Jason Rhinelander and Dean Moldovan},
  year = 2017,
  note = {https://github.com/pybind/pybind11},
}
@inproceedings{palpanas2004online,
  title = {Online amnesic approximation of streaming time series},
  author = {Palpanas, T. and Vlachos, M. and Keogh, E. and Gunopulos, D. and Truppel, W.},
  year = 2004,
  booktitle = {Proceedings. 20th International Conference on Data Engineering},
  publisher = {IEEE Comput. Soc},
  series = {Icde-04},
  doi = {10.1109/icde.2004.1320009},
  url = {http://dx.doi.org/10.1109/icde.2004.1320009},
  collection = {Icde-04},
}
@article{penczykowski2016understanding,
  title = {Understanding the ecology and evolution of host–parasite interactions across scales},
  author = {Penczykowski,  Rachel M. and Laine,  Anna‐Liisa and Koskella,  Britt},
  year = 2015,
  month = aug,
  journal = {Evolutionary Applications},
  publisher = {Wiley},
  volume = 9,
  number = 1,
  pages = {37–52},
  doi = {10.1111/eva.12294},
  issn = {1752-4571},
  url = {http://dx.doi.org/10.1111/eva.12294},
}
@inproceedings{peng2007distance,
  title = {Distance based methods in phylogenetic tree construction},
  author = {Peng, Chuang},
  year = 2007,
  booktitle = {Proceedings of the 6th EUROSIM Congress on Modelling and Simulation},
  location = {Ljubljana, Slovenia},
  publisher = {ARGESIM - ARGE Simulation News},
  address = {Vienna University of Technology, Wiedner Hauptstrasse 8-10, 1040 Vienna, Austria},
  volume = 2,
  isbn = {978-3-901608-32-2},
  url = {https://www.eurosim.info/fileadmin/user_upload_eurosim/EUROSIM_OA/Congress/2007/ScheduleFinal.html#MO-1-P6},
  urldate = {2023-12-04},
  note = {Accessed: 2023-12-04},
  editor = {Zupančič, Borut and Karba, Rihard and Blažič, Sašo},
  organization = {Eurosim / Slosim},
  numpages = {550 (Total Copies)},
}
@article{pennock2007models,
  title = {Models, simulations, instantiations, and evidence: the case of digital evolution},
  author = {Pennock, Robert T},
  year = 2007,
  month = mar,
  journal = {Journal of Experimental \& Theoretical Artificial Intelligence},
  publisher = {Taylor \& Francis},
  volume = 19,
  number = 1,
  pages = {29--42},
  doi = {10.1080/09528130601116113},
  issn = {1362-3079},
  url = {http://dx.doi.org/10.1080/09528130601116113},
}
@techreport{perumalla2022computer,
  title = {Computer science research needs for parallel discrete event simulation (PDES)},
  author = {Perumalla, Kalyan and Bremer, Maximilian and Brown, Kevin and Chan, Cy and Eidenbenz, Stephan and Hemmert, K Scott and Hoisie, Adolfy and Newton, Benjamin and Nutaro, James and Oppelstrup, Tomas and others},
  year = 2022,
  doi = {10.2172/1889525},
  url = {http://dx.doi.org/10.2172/1889525},
  institution = {Lawrence Livermore National Lab.(LLNL), Livermore, CA (United States)},
}
@article{phithakkitnukoon2010recent,
  title = {A recent-pattern biased dimension-reduction framework for time series data},
  author = {Phithakkitnukoon, Santi and Ratti, Carlo},
  year = 2010,
  journal = {Journal of Advances in Information Technology},
  volume = 1,
  number = 4,
  pages = {168--180},
  doi = {10.4304/jait.1.4.168-180},
}
@article{pilgrim2021piecewise,
  title = {piecewise-regression (aka segmented regression) in Python},
  author = {Charlie Pilgrim},
  year = 2021,
  journal = {Journal of Open Source Software},
  publisher = {The Open Journal},
  volume = 6,
  number = 68,
  pages = 3859,
  doi = {10.21105/joss.03859},
  url = {https://doi.org/10.21105/joss.03859},
}
@article{plante2021variant,
  title = {The variant gambit: COVID-19’s next move},
  author = {Plante,  Jessica A. and Mitchell,  Brooke M. and Plante,  Kenneth S. and Debbink,  Kari and Weaver,  Scott C. and Menachery,  Vineet D.},
  year = 2021,
  month = apr,
  journal = {Cell Host \& Microbe},
  publisher = {Elsevier BV},
  volume = 29,
  number = 4,
  pages = {508–515},
  doi = {10.1016/j.chom.2021.02.020},
  issn = {1931-3128},
  url = {http://dx.doi.org/10.1016/j.chom.2021.02.020},
}
@article{quental2010diversity,
  title = {Diversity dynamics: molecular phylogenies need the fossil record},
  author = {Quental,  Tiago B. and Marshall,  Charles R.},
  year = 2010,
  month = aug,
  journal = {Trends in Ecology \& Evolution},
  publisher = {Elsevier BV},
  volume = 25,
  number = 8,
  pages = {434–441},
  doi = {10.1016/j.tree.2010.05.002},
  issn = {0169-5347},
  url = {http://dx.doi.org/10.1016/j.tree.2010.05.002},
}
@inproceedings{rajeshwari2016real,
  title = {Real-time credit card fraud detection using Streaming Analytics},
  author = {Rajeshwari, U and Babu, B Sathish},
  year = 2016,
  booktitle = {2016 2nd International Conference on Applied and Theoretical Computing and Communication Technology (iCATccT)},
  publisher = {Ieee},
  doi = {10.1109/icatcct.2016.7912039},
  url = {http://dx.doi.org/10.1109/icatcct.2016.7912039},
}
@inproceedings{ramachandran1999space,
  title = {Space-time memory: a parallel programming abstraction for interactive multimedia applications},
  author = {Ramachandran,  Umakishore and Nikhil,  Rishiyur S. and Harel,  Nissim and Rehg,  James M. and Knobe,  Kathleen},
  year = 1999,
  month = may,
  booktitle = {Proceedings of the seventh ACM SIGPLAN symposium on Principles and practice of parallel programming},
  publisher = {Acm},
  series = {PPoPP99},
  doi = {10.1145/301104.301121},
  url = {http://dx.doi.org/10.1145/301104.301121},
  collection = {PPoPP99},
}
@article{raponi2022fake,
  title = {Fake News Propagation: A Review of Epidemic Models, Datasets, and Insights},
  author = {Raponi, Simone and Khalifa, Zeinab and Oligeri, Gabriele and Di Pietro, Roberto},
  year = 2022,
  month = {sep},
  journal = {ACM Trans. Web},
  publisher = {Association for Computing Machinery},
  address = {New York, NY, USA},
  volume = 16,
  number = 3,
  doi = {10.1145/3522756},
  issn = {1559-1131},
  url = {https://doi.org/10.1145/3522756},
  issue_date = {August 2022},
  articleno = 12,
  numpages = 34,
}
@techreport{ray1995proposal,
  title = {A proposal to Create a Network-Wide Biodiversity Reserve For Digital Organisms},
  author = {Ray, Thomas},
  year = 1995,
  address = {Kyoto, Japan},
  number = {Tr-h-133},
  url = {http://tomray.me/pubs/reserves/},
  urldate = {2023-12-04},
  note = {Accessed: 2023-12-04},
  institution = {Advanced Telecommunications Research Institute},
}
@article{reback2020pandas,
  title = {pandas-dev/pandas: Pandas},
  author = {pandas developers},
  year = 2020,
  month = feb,
  journal = {Zenodo},
  publisher = {Zenodo},
  doi = {10.5281/zenodo.3509134},
  url = {https://doi.org/10.5281/zenodo.3509134},
  version = {latest},
}
@misc{rfc7228,
  title = {Terminology for Constrained-Node Networks},
  author = {Carsten Bormann and Mehmet Ersue and Ari Keränen},
  year = 2014,
  month = may,
  publisher = {RFC Editor},
  series = {Request for Comments},
  number = 7228,
  doi = {10.17487/rfc7228},
  url = {https://www.rfc-editor.org/info/rfc7228},
  howpublished = {Rfc 7228},
  pagetotal = 17,
}
@article{richards2019deep,
  title = {A deep learning framework for neuroscience},
  author = {Richards, Blake A and Lillicrap, Timothy P and Beaudoin, Philippe and Bengio, Yoshua and Bogacz, Rafal and Christensen, Amelia and Clopath, Claudia and Costa, Rui Ponte and de Berker, Archy and Ganguli, Surya and others},
  year = 2019,
  journal = {Nature neuroscience},
  publisher = {Nature Publishing Group US New York},
  volume = 22,
  number = 11,
  pages = {1761--1770},
}
@inproceedings{rihawi2013synchronization,
  title = {Synchronization Policies Impact in Distributed Agent-Based Simulation},
  author = {Rihawi,  Omar and Secq,  Yann and Mathieu,  Philippe},
  year = 2013,
  booktitle = {Advances in Intelligent Systems and Computing},
  publisher = {Springer International Publishing},
  pages = {19–26},
  doi = {10.1007/978-3-319-00551-5_3},
  isbn = 9783319005515,
  issn = {2194-5365},
  url = {http://dx.doi.org/10.1007/978-3-319-00551-5\_3},
}
@article{roche2011agent,
  title = {An Agent-Based Model to study the epidemiological and evolutionary dynamics of Influenza viruses},
  author = {Roche,  Benjamin and Drake,  John M and Rohani,  Pejman},
  year = 2011,
  month = mar,
  journal = {BMC Bioinformatics},
  publisher = {Springer Science and Business Media LLC},
  volume = 12,
  number = 1,
  doi = {10.1186/1471-2105-12-87},
  issn = {1471-2105},
  url = {http://dx.doi.org/10.1186/1471-2105-12-87},
}
@article{rochman2021ongoing,
  title = {Ongoing global and regional adaptive evolution of SARS-CoV-2},
  author = {Rochman,  Nash D. and Wolf,  Yuri I. and Faure,  Guilhem and Mutz,  Pascal and Zhang,  Feng and Koonin,  Eugene V.},
  year = 2021,
  month = jul,
  journal = {Proceedings of the National Academy of Sciences},
  publisher = {Proceedings of the National Academy of Sciences},
  volume = 118,
  number = 29,
  doi = {10.1073/pnas.2104241118},
  issn = {1091-6490},
  url = {http://dx.doi.org/10.1073/pnas.2104241118},
}
@inproceedings{rocki2020fast,
  title = {Fast Stencil-Code Computation on a Wafer-Scale Processor},
  author = {Rocki,  Kamil and Essendelft,  Dirk Van and Sharapov,  Ilya and Schreiber,  Robert and Morrison,  Michael and Kibardin,  Vladimir and Portnoy,  Andrey and Dietiker,  Jean Francois and Syamlal,  Madhava and James,  Michael},
  year = 2020,
  month = nov,
  booktitle = {SC20: International Conference for High Performance Computing,  Networking,  Storage and Analysis},
  publisher = {Ieee},
  doi = {10.1109/sc41405.2020.00062},
  url = {http://dx.doi.org/10.1109/SC41405.2020.00062},
}
@inproceedings{rocklin2015dask,
  title = {Dask: Parallel Computation with Blocked algorithms and Task Scheduling},
  author = {Rocklin,  Matthew},
  year = 2015,
  booktitle = {Proceedings of the 14th Python in Science Conference},
  publisher = {SciPy},
  series = {SciPy},
  pages = {126–132},
  doi = {10.25080/majora-7b98e3ed-013},
  issn = {2575-9752},
  url = {http://dx.doi.org/10.25080/Majora-7b98e3ed-013},
  collection = {SciPy},
}
@article{saitou1987neighbor,
  title = {The neighbor-joining method: a new method for reconstructing phylogenetic trees.},
  author = {Saitou, Naruya and Nei, Masatoshi},
  year = 1987,
  journal = {Molecular biology and evolution},
  volume = 4,
  number = 4,
  pages = {406--425},
}
@article{sanderson2022taxonium,
  title = {Taxonium,  a web-based tool for exploring large phylogenetic trees},
  author = {Sanderson,  Theo},
  year = 2022,
  month = nov,
  journal = {eLife},
  publisher = {eLife Sciences Publications,  Ltd},
  volume = 11,
  doi = {10.7554/elife.82392},
  issn = {2050-084x},
  url = {http://dx.doi.org/10.7554/eLife.82392},
}
@article{sanjun2007selection,
  title = {Selection for Robustness in Mutagenized RNA Viruses},
  author = {Sanjuán,  Rafael and Cuevas,  José M and Furió,  Victoria and Holmes,  Edward C and Moya,  Andrés},
  year = 2007,
  month = jun,
  journal = {PLoS Genetics},
  publisher = {Public Library of Science (PLoS)},
  volume = 3,
  number = 6,
  pages = {e93},
  doi = {10.1371/journal.pgen.0030093},
  issn = {1553-7404},
  url = {http://dx.doi.org/10.1371/journal.pgen.0030093},
  editor = {Singh Malik,  Harmit},
}
@article{saunders1989portable,
  title = {A portable instrument for the logging of light levels},
  author = {David Saunders},
  year = 1989,
  journal = {The Conservator},
  publisher = {Routledge},
  volume = 13,
  number = 1,
  pages = {25--30},
  doi = {10.1080/01410096.1989.9995044},
  url = {https://doi.org/10.1080/01410096.1989.9995044},
  eprint = {https://doi.org/10.1080/01410096.1989.9995044},
}
@article{schaper2014arrival,
  title = {The Arrival of the Frequent: How Bias in Genotype-Phenotype Maps Can Steer Populations to Local Optima},
  author = {Schaper,  Steffen and Louis,  Ard A.},
  year = 2014,
  month = feb,
  journal = {PLoS ONE},
  publisher = {Public Library of Science (PLoS)},
  volume = 9,
  number = 2,
  pages = {e86635},
  doi = {10.1371/journal.pone.0086635},
  issn = {1932-6203},
  url = {http://dx.doi.org/10.1371/journal.pone.0086635},
  editor = {Rutherford,  Suzannah},
}
@inproceedings{schoellhammer2024lightweight,
  title = {Lightweight temporal compression of microclimate datasets [wireless sensor networks]},
  author = {Schoellhammer,  T. and Greenstein,  B. and Osterweil,  E. and Wimbrow,  M. and Estrin,  D.},
  year = 2024,
  booktitle = {29th Annual IEEE International Conference on Local Computer Networks},
  publisher = {IEEE (Comput. Soc.)},
  series = {Lcn-04},
  doi = {10.1109/lcn.2004.72},
  url = {http://dx.doi.org/10.1109/LCN.2004.72},
  collection = {Lcn-04},
}
@unpublished{schulte2010genetic,
  title = {Genetic Programming on IXM},
  author = {Schulte, Eric},
  year = 2010,
  url = {https://www.cs.unm.edu/~eschulte/research/gp4ixm/gp4ixm.pdf},
  urldate = {2023-12-04},
  note = {Accessed: 2023-12-04},
  institution = {The University of New Mexico},
}
@article{schulte2014software,
  title = {Software mutational robustness},
  author = {Schulte, Eric and Fry, Zachary P and Fast, Ethan and Weimer, Westley and Forrest, Stephanie},
  year = 2014,
  journal = {Genetic Programming and Evolvable Machines},
  publisher = {Springer},
  volume = 15,
  pages = {281--312},
}
@inproceedings{schutzel2014stream,
  title = {A stream-based architecture for the management and on-line analysis of unbounded amounts of simulation data},
  author = {Schützel, Johannes and Meyer, Holger and Uhrmacher, Adelinde M.},
  year = 2014,
  month = may,
  booktitle = {Proceedings of the 2nd ACM SIGSIM Conference on Principles of Advanced Discrete Simulation},
  publisher = {Acm},
  series = {Sigsim-pads '14},
  doi = {10.1145/2601381.2601399},
  url = {http://dx.doi.org/10.1145/2601381.2601399},
  collection = {Sigsim-pads '14},
}
@misc{sculley2018winner,
  title = {Winner's Curse?  On Pace, Progress, and Empirical Rigor},
  author = {D. Sculley and Jasper Snoek and Alex Wiltschko and Ali Rahimi},
  year = 2018,
  url = {https://openreview.net/forum?id=rJWF0Fywf},
}
@article{selig2022cerebras,
  title = {The cerebras software development kit: A technical overview},
  author = {Selig, Justin},
  year = 2022,
  publisher = {Technical Report, Cerebras},
}
@inproceedings{shahbandegan2022untangling,
  title = {Untangling phylogenetic diversity’s role in evolutionary computation using a suite of diagnostic fitness landscapes},
  author = {Shahbandegan,  Shakiba and Hernandez,  Jose Guadalupe and Lalejini,  Alexander and Dolson,  Emily},
  year = 2022,
  month = jul,
  booktitle = {Proceedings of the Genetic and Evolutionary Computation Conference Companion},
  publisher = {Acm},
  series = {Gecco ’22},
  pages = {2322--2325},
  doi = {10.1145/3520304.3534028},
  url = {http://dx.doi.org/10.1145/3520304.3534028},
  collection = {Gecco ’22},
}
@article{sheth2017multiplex,
  title = {Multiplex recording of cellular events over time on CRISPR biological tape},
  author = {Sheth, Ravi U and Yim, Sung Sun and Wu, Felix L and Wang, Harris H},
  year = 2017,
  journal = {Science},
  publisher = {American Association for the Advancement of Science},
  volume = 358,
  number = 6369,
  pages = {1457--1461},
}
@inproceedings{sibai2016sampling,
  title = {Sampling algorithms in data stream environments},
  author = {Sibai,  Rayane El and Chabchoub,  Yousra and Demerjian,  Jacques and Kazi-Aoul,  Zakia and Barbar,  Kablan},
  year = 2016,
  month = apr,
  booktitle = {2016 International Conference on Digital Economy (ICDEc)},
  publisher = {Ieee},
  doi = {10.1109/icdec.2016.7563142},
  url = {http://dx.doi.org/10.1109/ICDEC.2016.7563142},
}
@article{silva2013data,
  title = {Data Stream Clustering: A Survey},
  author = {Silva, Jonathan A. and Faria, Elaine R. and Barros, Rodrigo C. and Hruschka, Eduardo R. and Carvalho, Andr\'{e} C. P. L. F. de and Gama, Jo\~{a}o},
  year = 2013,
  month = {jul},
  journal = {ACM Comput. Surv.},
  publisher = {Association for Computing Machinery},
  address = {New York, NY, USA},
  volume = 46,
  number = 1,
  doi = {10.1145/2522968.2522981},
  issn = {0360-0300},
  url = {https://doi.org/10.1145/2522968.2522981},
  issue_date = {October 2013},
  articleno = 13,
  numpages = 31,
}
@article{singh2022review,
  title = {Review,  Analysis,  and Implementation of Path Selection Strategies for 2D NoCs},
  author = {Singh,  Rajendra and Bohra,  Manoj Kumar and Hemrajani,  Prashant and Kalla,  Anshuman and Bhatt,  Devershi Pallavi and Purohit,  Nitin and Daneshtalab,  Masoud},
  year = 2022,
  journal = {IEEE Access},
  publisher = {Institute of Electrical and Electronics Engineers (IEEE)},
  volume = 10,
  pages = {129245–129268},
  doi = {10.1109/access.2022.3227460},
  issn = {2169-3536},
  url = {http://dx.doi.org/10.1109/ACCESS.2022.3227460},
}
@article{smith2004mapping,
  title = {Mapping the Antigenic and Genetic Evolution of Influenza Virus},
  author = {Smith,  Derek J. and Lapedes,  Alan S. and de Jong,  Jan C. and Bestebroer,  Theo M. and Rimmelzwaan,  Guus F. and Osterhaus,  Albert D. M. E. and Fouchier,  Ron A. M.},
  year = 2004,
  month = jul,
  journal = {Science},
  publisher = {American Association for the Advancement of Science (AAAS)},
  volume = 305,
  number = 5682,
  pages = {371–376},
  doi = {10.1126/science.1097211},
  issn = {1095-9203},
  url = {http://dx.doi.org/10.1126/science.1097211},
}
@article{smith2016explanations,
  title = {Explanations for adaptations, just-so stories, and limitations on evidence in evolutionary biology},
  author = {Smith, Richard J},
  year = 2016,
  journal = {Evolutionary Anthropology: Issues, News, and Reviews},
  publisher = {Wiley Online Library},
  volume = 25,
  number = 6,
  pages = {276--287},
}
@article{snir2014addressing,
  title = {Addressing failures in exascale computing},
  author = {Snir, Marc and Wisniewski, Robert W and Abraham, Jacob A and Adve, Sarita V and Bagchi, Saurabh and Balaji, Pavan and Belak, Jim and Bose, Pradip and Cappello, Franck and Carlson, Bill and others},
  year = 2014,
  journal = {The International Journal of High Performance Computing Applications},
  publisher = {Sage Publications Sage UK: London, England},
  volume = 28,
  number = 2,
  pages = {129--173},
}
@book{sober1991reconstructing,
  title = {Reconstructing the past: Parsimony, evolution, and inference},
  author = {Sober, Elliott},
  year = 1991,
  publisher = {MIT press},
}
@article{sorensen2015metaheuristics,
  title = {Metaheuristics—the metaphor exposed},
  author = {S{\"o}rensen, Kenneth},
  year = 2015,
  journal = {International Transactions in Operational Research},
  publisher = {Wiley Online Library},
  volume = 22,
  number = 1,
  pages = {3--18},
}
@inproceedings{spector2011tag,
  title = {Tag-based modules in genetic programming},
  author = {Spector,  Lee and Martin,  Brian and Harrington,  Kyle and Helmuth,  Thomas},
  year = 2011,
  month = jul,
  booktitle = {Proceedings of the 13th annual conference on Genetic and evolutionary computation},
  publisher = {Acm},
  series = {Gecco ’11},
  pages = {1419–1426},
  doi = {10.1145/2001576.2001767},
  url = {http://dx.doi.org/10.1145/2001576.2001767},
  collection = {Gecco ’11},
}
@article{stadler2013recovering,
  title = {Recovering speciation and extinction dynamics based on phylogenies},
  author = {Stadler,  T.},
  year = 2013,
  month = may,
  journal = {Journal of Evolutionary Biology},
  publisher = {Oxford University Press (OUP)},
  volume = 26,
  number = 6,
  pages = {1203–1219},
  doi = {10.1111/jeb.12139},
  issn = {1420-9101},
  url = {http://dx.doi.org/10.1111/jeb.12139},
}
@article{stanley2009hypercube,
  title = {A Hypercube-Based Encoding for Evolving Large-Scale Neural Networks},
  author = {Stanley,  Kenneth O. and D’Ambrosio,  David B. and Gauci,  Jason},
  year = 2009,
  month = apr,
  journal = {Artificial Life},
  publisher = {MIT Press - Journals},
  volume = 15,
  number = 2,
  pages = {185–212},
  doi = {10.1162/artl.2009.15.2.15202},
  issn = {1530-9185},
  url = {http://dx.doi.org/10.1162/artl.2009.15.2.15202},
}
@article{stark2016toward,
  title = {Toward accounting for ecoclimate teleconnections: intra-and inter-continental consequences of altered energy balance after vegetation change},
  author = {Stark, Scott C and Breshears, David D and Garcia, Elizabeth S and Law, Darin J and Minor, David M and Saleska, Scott R and Swann, Abigail LS and Villegas, Juan Camilo and Arag{\~a}o, Luiz EOC and Bella, Elizabeth M and others},
  year = 2016,
  journal = {Landscape Ecology},
  publisher = {Springer},
  volume = 31,
  pages = {181--194},
}
@article{strasser2012data,
  title = {Data-driven sciences: From wonder cabinets to electronic databases},
  author = {Strasser, Bruno J},
  year = 2012,
  journal = {Studies in History and Philosophy of Science Part C: Studies in History and Philosophy of Biological and Biomedical Sciences},
  publisher = {Pergamon},
  volume = 43,
  number = 1,
  pages = {85--87},
}
@article{sukumaran2021incorporating,
  title = {Incorporating the speciation process into species delimitation},
  author = {Sukumaran, Jeet and Holder, Mark T and Knowles, L Lacey},
  year = 2021,
  journal = {PLoS Computational Biology},
  publisher = {Public Library of Science San Francisco, CA USA},
  volume = 17,
  number = 5,
  pages = {e1008924},
}
@article{sulston1983embryonic,
  title = {The embryonic cell lineage of the nematode Caenorhabditis elegans},
  author = {Sulston, John E and Schierenberg, Einhard and White, John G and Thomson, J Nichol},
  year = 1983,
  journal = {Developmental biology},
  publisher = {Elsevier},
  volume = 100,
  number = 1,
  pages = {64--119},
}
@misc{supplemental,
  title = {A Scalable Trie Building Algorithm for High-Throughput Phyloanalysis of Wafer-Scale Digital Evolution Experiments},
  author = {Singhvi, Vivaan and Wagner, Joseph and Dolson, Emily and Zaman, Luis and Moreno, Matthew Andres},
  year = 2025,
  month = {May},
  publisher = {Open Science Foundation},
  doi = {10.17605/osf.io/63ucz},
  url = {https://osf.io/63ucz},
}
@article{sutter2005free,
  title = {The free lunch is over: A fundamental turn toward concurrency in software},
  author = {Sutter, Herb and others},
  year = 2005,
  journal = {Dr. Dobb's journal},
  volume = 30,
  number = 3,
  pages = {202--210},
  url = {http://www.gotw.ca/publications/concurrency-ddj.htm},
  urldate = {2023-12-04},
  note = {Accessed: 2023-12-04},
}
@article{szilagyi2020phenotypes,
  title = {Phenotypes to remember: Evolutionary developmental memory capacity and robustness},
  author = {Szil{\'a}gyi, Andr{\'a}s and Szab{\'o}, P{\'e}ter and Santos, Mauro and Szathm{\'a}ry, E{\"o}rs},
  year = 2020,
  journal = {PLoS computational biology},
  publisher = {Public Library of Science San Francisco, CA USA},
  volume = 16,
  number = 11,
  pages = {e1008425},
}
@inproceedings{tarnawski2016real,
  title = {Real-time simulation in non real-time environment},
  author = {Tarnawski,  Jaroslaw and Karla,  Tomasz},
  year = 2016,
  month = aug,
  booktitle = {2016 21st International Conference on Methods and Models in Automation and Robotics (MMAR)},
  publisher = {Ieee},
  doi = {10.1109/mmar.2016.7575200},
  url = {http://dx.doi.org/10.1109/MMAR.2016.7575200},
}
@article{taylor2016open,
  title = {Open-Ended Evolution: Perspectives from the OEE Workshop in York},
  author = {Taylor, Tim and Bedau, Mark and Channon, Alastair and Ackley, David and Banzhaf, Wolfgang and Beslon, Guillaume and Dolson, Emily and Froese, Tom and Hickinbotham, Simon and Ikegami, Takashi and McMullin, Barry and Packard, Norman and Rasmussen, Steen and Virgo, Nathaniel and Agmon, Eran and Clark, Edward and McGregor, Simon and Ofria, Charles and Ropella, Glen and Spector, Lee and Stanley, Kenneth O. and Stanton, Adam and Timperley, Christopher and Vostinar, Anya and Wiser, Michael},
  year = 2016,
  month = aug,
  journal = {Artificial Life},
  publisher = {MIT Press - Journals},
  volume = 22,
  number = 3,
  pages = {408--423},
  doi = {10.1162/artl_a_00210},
  issn = {1530-9185},
  url = {http://dx.doi.org/10.1162/artl_a_00210},
}
@article{tellierCoalescenceMultipleBranching2014,
  title = {Coalescence 2.0: a multiple branching of recent theoretical developments and their applications},
  shorttitle = {Coalescence 2.0},
  author = {Tellier, Aurélien and Lemaire, Christophe},
  year = 2014,
  volume = 23,
  number = 11,
  pages = {2637--2652},
  doi = {10.1111/mec.12755},
  issn = {1365-294x},
  url = {https://onlinelibrary.wiley.com/doi/abs/10.1111/mec.12755},
  urldate = {2023-07-11},
  note = {\_eprint: https://onlinelibrary.wiley.com/doi/pdf/10.1111/mec.12755},
  rights = {© 2014 John Wiley \& Sons Ltd},
  journaltitle = {Molecular Ecology},
  date = 2014,
  langid = {english},
}
@article{timmis2008theoretical,
  title = {Theoretical advances in artificial immune systems},
  author = {Timmis,  J. and Hone,  A. and Stibor,  T. and Clark,  E.},
  year = 2008,
  month = aug,
  journal = {Theoretical Computer Science},
  publisher = {Elsevier BV},
  volume = 403,
  number = 1,
  pages = {11–32},
  doi = {10.1016/j.tcs.2008.02.011},
  issn = {0304-3975},
  url = {http://dx.doi.org/10.1016/j.tcs.2008.02.011},
}
@article{toledo2023agent,
  title = {Agent-based modeling and phylogenetic analysis suggests that COVID-19 will remain a low-severity albeit highly transmissible disease},
  author = {Toledo-Roy,  Juan C. and García-Peña,  Gabriel E. and Valdes,  Ana M and Hoeflich,  Alejandro Frank},
  year = 2023,
  month = jan,
  publisher = {Cold Spring Harbor Laboratory},
  doi = {10.1101/2023.01.27.23285126},
  url = {http://dx.doi.org/10.1101/2023.01.27.23285126},
}
@article{tolk2020computational,
  title = {Computational Decision Support for the COVID-19 Healthcare Coalition},
  author = {Tolk,  Andreas and Glazner,  Christopher and Ungerleider,  Joseph},
  year = 2021,
  month = jan,
  journal = {Computing in Science \& Engineering},
  publisher = {Institute of Electrical and Electronics Engineers (IEEE)},
  volume = 23,
  number = 1,
  pages = {17–24},
  doi = {10.1109/mcse.2020.3036586},
  issn = {1558-366x},
  url = {http://dx.doi.org/10.1109/MCSE.2020.3036586},
}
@dissertation{truszkowski2013fast,
  title = {Fast Algorithms for Large-Scale Phylogenetic Reconstruction},
  author = {Truszkowski, Jakub},
  year = 2013,
  publisher = {UWSpace},
  url = {http://hdl.handle.net/10012/8011},
}
@article{turner1890cell,
  title = {The cell theory, past and present},
  author = {Turner, Wm},
  year = 1890,
  journal = {Journal of anatomy and physiology},
  publisher = {Wiley-Blackwell},
  volume = 24,
  number = {Pt 2},
  pages = 253,
}
@article{van2021covid,
  title = {COVID-19 adaptive evolution during the pandemic – Implications of new SARS-CoV-2 variants on public health policies},
  author = {van Oosterhout,  Cock and Stephenson,  Jessica F. and Weimer,  Bart and Ly,  Hinh and Hall,  Neil and Tyler,  Kevin M.},
  year = 2021,
  month = jul,
  journal = {Virulence},
  publisher = {Informa UK Limited},
  volume = 12,
  number = 1,
  pages = {2013–2016},
  doi = {10.1080/21505594.2021.1960109},
  issn = {2150-5608},
  url = {http://dx.doi.org/10.1080/21505594.2021.1960109},
}
@software{vink2024polars,
  title = {pola-rs/polars: Python Polars 1.16.0},
  author = {Ritchie Vink and Stijn de Gooijer and Alexander Beedie and Marco Edward Gorelli and nameexhaustion and Orson Peters and Weijie Guo and Gijs Burghoorn and J van Zundert and Gert Hulselmans and Cory Grinstead and Marshall and chielP and Itamar Turner-Trauring and Lawrence Mitchell and Matteo Santamaria and Daniël Heres and Josh Magarick and Karl Genockey and ibENPC and deanm0000 and Henry Harbeck and Moritz Wilksch and eitsupi and Ion Koutsouris and Jorge Leitao and Mick van Gelderen and Liam Brannigan and Petros Barbagiannis},
  year = 2024,
  month = nov,
  publisher = {Zenodo},
  doi = {10.5281/zenodo.14244124},
  url = {https://doi.org/10.5281/zenodo.14244124},
  version = {py-1.16.0},
  swhid = {swh:1:dir:8dc3dcbc5ff1a04a2222a85f18f6395b2aa43f7c ;origin=https://doi.org/10.5281/zenodo.7697217;vis it=swh:1:snp:4ecf2a5806d8b52c4599cf6cb55a1ffc196b2 db0;anchor=swh:1:rel:66448342438af9ef7e4026d826df8 4984488f9fd;path=/},
}
@inproceedings{wang2019poet,
  title = {POET: open-ended coevolution of environments and their optimized solutions},
  author = {Wang,  Rui and Lehman,  Joel and Clune,  Jeff and Stanley,  Kenneth O.},
  year = 2019,
  month = jul,
  booktitle = {Proceedings of the Genetic and Evolutionary Computation Conference},
  publisher = {Acm},
  series = {Gecco ’19},
  pages = {142–151},
  doi = {10.1145/3321707.3321799},
  url = {http://dx.doi.org/10.1145/3321707.3321799},
  collection = {Gecco ’19},
}
@article{wang2020role,
  title = {The role of phylogenetic analysis in clarifying the infection source of a COVID-19 patient},
  author = {Wang,  Jann-Tay and Lin,  You-Yu and Chang,  Sui-Yuan and Yeh,  Shiou-Hwei and Hu,  Bor-Hsian and Chen,  Pei-Jer and Chang,  Shan-Chwen},
  year = 2020,
  month = jul,
  journal = {Journal of Infection},
  publisher = {Elsevier BV},
  volume = 81,
  number = 1,
  pages = {147–178},
  doi = {10.1016/j.jinf.2020.03.031},
  issn = {0163-4453},
  url = {http://dx.doi.org/10.1016/j.jinf.2020.03.031},
}
@article{warneke2001smart,
  title = {Smart Dust: communicating with a cubic-millimeter computer},
  author = {Warneke, B. and Last, M. and Liebowitz, B. and Pister, K.S.J.},
  year = 2001,
  journal = {Computer},
  publisher = {Institute of Electrical and Electronics Engineers (IEEE)},
  volume = 34,
  number = 1,
  pages = {44--51},
  doi = {10.1109/2.895117},
  issn = {0018-9162},
  url = {http://dx.doi.org/10.1109/2.895117},
}
@article{waskom2021seaborn,
  title = {seaborn: statistical data visualization},
  author = {Michael L. Waskom},
  year = 2021,
  journal = {Journal of Open Source Software},
  publisher = {The Open Journal},
  volume = 6,
  number = 60,
  pages = 3021,
  doi = {10.21105/joss.03021},
  url = {https://doi.org/10.21105/joss.03021},
}
@article{weeks2023deep,
  title = {A deep neural network for high-throughput measurement of functional traits on museum skeletal specimens},
  author = {Weeks, Brian C and Zhou, Zhizhuo and O'Brien, Bruce K and Darling, Rachel and Dean, Morgan and Dias, Tiffany and Hassena, Gemmechu and Zhang, Mingyu and Fouhey, David F},
  year = 2023,
  journal = {Methods in Ecology and Evolution},
  publisher = {Wiley Online Library},
  volume = 14,
  number = 2,
  pages = {347--359},
}
@article{weigang2021within,
  title = {Within-host evolution of SARS-CoV-2 in an immunosuppressed COVID-19 patient as a source of immune escape variants},
  author = {Weigang,  Sebastian and Fuchs,  Jonas and Zimmer,  Gert and Schnepf,  Daniel and Kern,  Lisa and Beer,  Julius and Luxenburger,  Hendrik and Ankerhold,  Jakob and Falcone,  Valeria and Kemming,  Janine and Hofmann,  Maike and Thimme,  Robert and Neumann-Haefelin,  Christoph and Ulferts,  Svenja and Grosse,  Robert and Hornuss,  Daniel and Tanriver,  Yakup and Rieg,  Siegbert and Wagner,  Dirk and Huzly,  Daniela and Schwemmle,  Martin and Panning,  Marcus and Kochs,  Georg},
  year = 2021,
  month = nov,
  journal = {Nature Communications},
  publisher = {Springer Science and Business Media LLC},
  volume = 12,
  number = 1,
  doi = {10.1038/s41467-021-26602-3},
  issn = {2041-1723},
  url = {http://dx.doi.org/10.1038/s41467-021-26602-3},
}
@article{welch2016whats,
  title = {What’s wrong with evolutionary biology?},
  author = {Welch,  John J.},
  year = 2016,
  month = dec,
  journal = {Biology \& Philosophy},
  publisher = {Springer Science and Business Media LLC},
  volume = 32,
  number = 2,
  pages = {263–279},
  doi = {10.1007/s10539-016-9557-8},
  issn = {1572-8404},
  url = {http://dx.doi.org/10.1007/s10539-016-9557-8},
}
@article{welch2017wrong,
  title = {What’s wrong with evolutionary biology?},
  author = {Welch, John J},
  year = 2017,
  journal = {Biology \& philosophy},
  publisher = {Springer},
  volume = 32,
  number = 2,
  pages = {263--279},
}
@misc{wenzel2017pybind11,
  title = {pybind11 — Seamless operability between C++11 and Python},
  author = {Wenzel Jakob and Jason Rhinelander and Dean Moldovan},
  year = 2017,
  note = {https://github.com/pybind/pybind11},
}
@article{whigham2017mapping,
  title = {On the mapping of genotype to phenotype in evolutionary algorithms},
  author = {Whigham,  Peter A. and Dick,  Grant and Maclaurin,  James},
  year = 2017,
  month = feb,
  journal = {Genetic Programming and Evolvable Machines},
  publisher = {Springer Science and Business Media LLC},
  volume = 18,
  number = 3,
  pages = {353–361},
  doi = {10.1007/s10710-017-9288-x},
  issn = {1573-7632},
  url = {http://dx.doi.org/10.1007/s10710-017-9288-x},
}
@article{wilke2001evolution,
  title = {Evolution of digital organisms at high mutation rates leads to survival of the flattest},
  author = {Wilke,  Claus O. and Wang,  Jia Lan and Ofria,  Charles and Lenski,  Richard E. and Adami,  Christoph},
  year = 2001,
  month = jul,
  journal = {Nature},
  publisher = {Springer Science and Business Media LLC},
  volume = 412,
  number = 6844,
  pages = {331–333},
  doi = {10.1038/35085569},
  issn = {1476-4687},
  url = {http://dx.doi.org/10.1038/35085569},
}
@article{winsor2009taxonomy,
  title = {Taxonomy was the foundation of Darwin's evolution},
  author = {Winsor, Mary P},
  year = 2009,
  journal = {Taxon},
  publisher = {Wiley Online Library},
  volume = 58,
  number = 1,
  pages = {43--49},
}
@article{wiser2013long,
  title = {Long-term dynamics of adaptation in asexual populations},
  author = {Wiser, Michael J and Ribeck, Noah and Lenski, Richard E},
  year = 2013,
  journal = {Science},
  publisher = {American Association for the Advancement of Science},
  volume = 342,
  number = 6164,
  pages = {1364--1367},
}
@article{wittenberg2023denoising,
  title = {Denoising autoencoder genetic programming: strategies to control exploration and exploitation in search},
  author = {Wittenberg, David and Rothlauf, Franz and Gagn{\'e}, Christian},
  year = 2023,
  journal = {Genetic Programming and Evolvable Machines},
  publisher = {Springer},
  volume = 24,
  number = 2,
  pages = 17,
}
@incollection{woodward2009evolution,
  title = {Why evolution is not a good paradigm for program induction: a critique of genetic programming},
  author = {Woodward, John R and Bai, Ruibin},
  year = 2009,
  booktitle = {Proceedings of the first ACM/SIGEVO Summit on Genetic and Evolutionary Computation},
  pages = {593--600},
}
@inproceedings{woodward2016gp,
  title = {GP vs GI: if you can't beat them, join them},
  author = {Woodward, John R and Johnson, Colin G and Brownlee, Alexander EI},
  year = 2016,
  booktitle = {Proceedings of the 2016 on Genetic and Evolutionary Computation Conference Companion},
  pages = {1155--1156},
}
@inproceedings{wortmann2020does,
  title = {Does architectural design optimization require multiple objectives? A critical analysis},
  author = {Wortmann, Thomas and Fischer, Thomas},
  year = 2020,
  booktitle = {25th International Conference on Computer-Aided Architectural Design Research in Asia, CAADRIA 2020},
  pages = {365--374},
  organization = {The Association for Computer-Aided Architectural Design Research in Asia~…},
}
@incollection{worzel2003genetic,
  title = {Genetic programming: Theory and practice},
  author = {Worzel, Bill and Riolo, Rick},
  year = 2003,
  booktitle = {Genetic Programming Theory and Practice},
  publisher = {Kluwer},
  address = {Usa},
  pages = {1--10},
  editor = {Riolo, Rick and Worzel, Bill},
  chapter = 1,
}
@article{yampolskiy2018we,
  title = {Why we do not evolve software? Analysis of evolutionary algorithms},
  author = {Yampolskiy, Roman V},
  year = 2018,
  journal = {Evolutionary Bioinformatics},
  publisher = {SAGE Publications Sage UK: London, England},
  volume = 14,
  pages = 1176934318815906,
}
@article{yates2018outstanding,
  title = {Outstanding Challenges in the Transferability of Ecological Models},
  author = {Yates,  Katherine L. and Bouchet,  Phil J. and Caley,  M. Julian and Mengersen,  Kerrie and Randin,  Christophe F. and Parnell,  Stephen and Fielding,  Alan H. and Bamford,  Andrew J. and Ban,  Stephen and Barbosa,  A. Márcia and Dormann,  Carsten F. and Elith,  Jane and Embling,  Clare B. and Ervin,  Gary N. and Fisher,  Rebecca and Gould,  Susan and Graf,  Roland F. and Gregr,  Edward J. and Halpin,  Patrick N. and Heikkinen,  Risto K. and Hein\"{a}nen,  Stefan and Jones,  Alice R. and Krishnakumar,  Periyadan K. and Lauria,  Valentina and Lozano-Montes,  Hector and Mannocci,  Laura and Mellin,  Camille and Mesgaran,  Mohsen B. and Moreno-Amat,  Elena and Mormede,  Sophie and Novaczek,  Emilie and Oppel,  Steffen and Ortuño Crespo,  Guillermo and Peterson,  A. Townsend and Rapacciuolo,  Giovanni and Roberts,  Jason J. and Ross,  Rebecca E. and Scales,  Kylie L. and Schoeman,  David and Snelgrove,  Paul and Sundblad,  G\"{o}ran and Thuiller,  Wilfried and Torres,  Leigh G. and Verbruggen,  Heroen and Wang,  Lifei and Wenger,  Seth and Whittingham,  Mark J. and Zharikov,  Yuri and Zurell,  Damaris and Sequeira,  Ana M.M.},
  year = 2018,
  month = oct,
  journal = {Trends in Ecology \& Evolution},
  publisher = {Elsevier BV},
  volume = 33,
  number = 10,
  pages = {790–802},
  doi = {10.1016/j.tree.2018.08.001},
  issn = {0169-5347},
  url = {http://dx.doi.org/10.1016/j.tree.2018.08.001},
}
@article{zaman2014coevolution,
  title = {Coevolution Drives the Emergence of Complex Traits and Promotes Evolvability},
  author = {Zaman,  Luis and Meyer,  Justin R. and Devangam,  Suhas and Bryson,  David M. and Lenski,  Richard E. and Ofria,  Charles},
  year = 2014,
  month = dec,
  journal = {PLoS Biology},
  publisher = {Public Library of Science (PLoS)},
  volume = 12,
  number = 12,
  pages = {e1002023},
  doi = {10.1371/journal.pbio.1002023},
  issn = {1545-7885},
  url = {http://dx.doi.org/10.1371/journal.pbio.1002023},
  editor = {Keller,  Laurent},
}
@article{zhao2005generalized,
  title = {Generalized dimension-reduction framework for recent-biased time series analysis},
  author = {Zhao,  Y. and Zhang,  S.},
  year = 2006,
  month = feb,
  journal = {IEEE Transactions on Knowledge and Data Engineering},
  publisher = {Institute of Electrical and Electronics Engineers (IEEE)},
  volume = 18,
  number = 2,
  pages = {231–244},
  doi = {10.1109/tkde.2006.30},
  issn = {1041-4347},
  url = {http://dx.doi.org/10.1109/TKDE.2006.30},
}
